
  
  
  
  
  
  
 
  
  <record xsi:schemaLocation="http://www.loc.gov/MARC21/slim http://www.loc.gov/standards/marcxml/schema/MARC21slim.xsd">
      <leader>00000cam  2200949 a 4500</leader>
      <controlfield tag="FMT">BK</controlfield>
      <controlfield tag="LDR">00000cam  2200949 a 4500</controlfield>
      <controlfield tag="001">002410443</controlfield>
      <controlfield tag="003">OCoLC</controlfield>
      <controlfield tag="005">20141001102812.0</controlfield>
      <controlfield tag="008">720809s1963    gw       b    001 0 ger c</controlfield>
      <datafield tag="010" ind1=" " ind2=" ">
         <subfield code="a">68046952</subfield>
      </datafield>
      <datafield tag="016" ind1="7" ind2=" ">
         <subfield code="a">001962151</subfield>
         <subfield code="2">Uk</subfield>
      </datafield>
      <datafield tag="035" ind1=" " ind2=" ">
         <subfield code="a">(OCoLC)376486</subfield>
      </datafield>
      <datafield tag="040" ind1=" " ind2=" ">
         <subfield code="a">OUN</subfield>
         <subfield code="b">eng</subfield>
         <subfield code="c">OUN</subfield>
         <subfield code="d">MUQ</subfield>
         <subfield code="d">OCLCQ</subfield>
         <subfield code="d">NLGGC</subfield>
         <subfield code="d">STF</subfield>
         <subfield code="d">LGG</subfield>
         <subfield code="d">DEBBG</subfield>
         <subfield code="d">ZWZ</subfield>
         <subfield code="d">UKMGB</subfield>
         <subfield code="d">OL</subfield>
         <subfield code="$">dGBVCP</subfield>
         <subfield code="d">UPX</subfield>
         <subfield code="d">OCLCF</subfield>
         <subfield code="d">OCLCQ</subfield>
         <subfield code="d">OCLCO</subfield>
         <subfield code="d">NNU</subfield>
      </datafield>
      <datafield tag="043" ind1=" " ind2=" ">
         <subfield code="a">e-gr---</subfield>
      </datafield>
      <datafield tag="050" ind1=" " ind2="0">
         <subfield code="a">DF261.S8</subfield>
         <subfield code="b">K5</subfield>
      </datafield>
      <datafield tag="066" ind1=" " ind2=" ">
         <subfield code="c">(S</subfield>
      </datafield>
      <datafield tag="082" ind1=" " ind2="4">
         <subfield code="a">938.9 KIE</subfield>
      </datafield>
      <datafield tag="084" ind1=" " ind2=" ">
         <subfield code="a">15.51</subfield>
         <subfield code="2">bcl</subfield>
      </datafield>
      <datafield tag="084" ind1=" " ind2=" ">
         <subfield code="a">NH 5525</subfield>
         <subfield code="2">rvk</subfield>
      </datafield>
      <datafield tag="084" ind1=" " ind2=" ">
         <subfield code="a">NH 5550</subfield>
         <subfield code="2">rvk</subfield>
      </datafield>
      <datafield tag="084" ind1=" " ind2=" ">
         <subfield code="a">15.27</subfield>
         <subfield code="2">bcl</subfield>
      </datafield>
      <datafield tag="100" ind1="1" ind2=" ">
         <subfield code="a">Kiechle, Franz.</subfield>
      </datafield>
      <datafield tag="245" ind1="1" ind2="0">
         <subfield code="a">Lakonien und Sparta :</subfield>
         <subfield code="b">Untersuchungen zur ethnischen Struktur und zur politischen Entwicklung Lakoniens und Spartas bis zum Ende der archaischen Zeit /</subfield>
         <subfield code="c">von Franz Kiechle.</subfield>
      </datafield>
      <datafield tag="260" ind1=" " ind2=" ">
         <subfield code="a">München :</subfield>
         <subfield code="b">C.H. Beck,</subfield>
         <subfield code="c">1963.</subfield>
      </datafield>
      <datafield tag="300" ind1=" " ind2=" ">
         <subfield code="a">xii, 276 p. ;</subfield>
         <subfield code="c">25 cm.</subfield>
      </datafield>
      <datafield tag="490" ind1="1" ind2=" ">
         <subfield code="a">Vestigia,</subfield>
         <subfield code="v">Bd. 5</subfield>
      </datafield>
      <datafield tag="500" ind1=" " ind2=" ">
         <subfield code="a">Habilitationsschrift--Universität Erlangen-Nürnberg, Erlangen.</subfield>
      </datafield>
      <datafield tag="504" ind1=" " ind2=" ">
         <subfield code="a">Bibliographical references included in "Abkürzungsverzeichnis" (p. [xi]-xii).</subfield>
      </datafield>
      <datafield tag="651" ind1=" " ind2="0">
         <subfield code="a">Sparta (Greece)</subfield>
         <subfield code="6">880-01</subfield>
         <subfield code="x">Politics and government.</subfield>
      </datafield>
      <datafield tag="650" ind1=" " ind2="0">
         <subfield code="a">Ethnology</subfield>
         <subfield code="z">Greece</subfield>
         <subfield code="z">Lakōnia.</subfield>
      </datafield>
      <datafield tag="650" ind1=" " ind2="0">
         <subfield code="a">Dorians.</subfield>
      </datafield>
      <datafield tag="650" ind1=" " ind2="6">
         <subfield code="a">Ethnologie</subfield>
         <subfield code="z">Grèce</subfield>
         <subfield code="z">Laconie.</subfield>
      </datafield>
      <datafield tag="650" ind1=" " ind2="6">
         <subfield code="a">Doriens.</subfield>
      </datafield>
      <datafield tag="651" ind1=" " ind2="6">
         <subfield code="a">Sparte (Ville ancienne)</subfield>
         <subfield code="x">Politique et gouvernement.</subfield>
      </datafield>
      <datafield tag="650" ind1="1" ind2="7">
         <subfield code="a">Etnische groepen.</subfield>
         <subfield code="2">gtt</subfield>
      </datafield>
      <datafield tag="650" ind1="1" ind2="7">
         <subfield code="a">Politieke geschiedenis.</subfield>
         <subfield code="2">gtt</subfield>
      </datafield>
      <datafield tag="651" ind1=" " ind2="7">
         <subfield code="a">Lakonien.</subfield>
         <subfield code="2">swd</subfield>
      </datafield>
      <datafield tag="651" ind1=" " ind2="7">
         <subfield code="a">Sparta.</subfield>
         <subfield code="2">swd</subfield>
      </datafield>
      <datafield tag="650" ind1=" " ind2="7">
         <subfield code="a">Ethnologie</subfield>
         <subfield code="z">Grèce</subfield>
         <subfield code="z">Laconie (Grèce)</subfield>
         <subfield code="y">Antiquité.</subfield>
         <subfield code="2">ram</subfield>
      </datafield>
      <datafield tag="651" ind1=" " ind2="7">
         <subfield code="a">Sparte (ville ancienne)</subfield>
         <subfield code="x">Politique et gouvernement.</subfield>
         <subfield code="2">ram</subfield>
      </datafield>
      <datafield tag="650" ind1=" " ind2="7">
         <subfield code="a">Dorians.</subfield>
         <subfield code="2">fast</subfield>
         <subfield code="0">(OCoLC)fst00896967</subfield>
      </datafield>
      <datafield tag="650" ind1=" " ind2="7">
         <subfield code="a">Ethnology.</subfield>
         <subfield code="2">fast</subfield>
         <subfield code="0">(OCoLC)fst00916106</subfield>
      </datafield>
      <datafield tag="650" ind1=" " ind2="7">
         <subfield code="a">Political science.</subfield>
         <subfield code="2">fast</subfield>
         <subfield code="0">(OCoLC)fst01069781</subfield>
      </datafield>
      <datafield tag="651" ind1=" " ind2="7">
         <subfield code="a">Greece</subfield>
         <subfield code="z">Lakōnia.</subfield>
         <subfield code="2">fast</subfield>
         <subfield code="0">(OCoLC)fst01234473</subfield>
      </datafield>
      <datafield tag="651" ind1=" " ind2="7">
         <subfield code="a">Greece</subfield>
         <subfield code="z">Sparta.</subfield>
         <subfield code="2">fast</subfield>
         <subfield code="0">(OCoLC)fst01208088</subfield>
      </datafield>
      <datafield tag="648" ind1=" " ind2="7">
         <subfield code="a">Geschichte 2000 v. Chr.-600 v. Chr.</subfield>
         <subfield code="2">swd</subfield>
      </datafield>
      <datafield tag="653" ind1=" " ind2="0">
         <subfield code="a">Dorians</subfield>
      </datafield>
      <datafield tag="653" ind1=" " ind2="0">
         <subfield code="a">Ethnology</subfield>
         <subfield code="a">Greece</subfield>
         <subfield code="a">Lakōnia</subfield>
      </datafield>
      <datafield tag="653" ind1=" " ind2="0">
         <subfield code="a">Geschichte</subfield>
         <subfield code="a">2000 v. Chr.-600 v. Chr.</subfield>
      </datafield>
      <datafield tag="653" ind1=" " ind2="0">
         <subfield code="a">Sparta (Greece)</subfield>
         <subfield code="a">Politics and government</subfield>
      </datafield>
      <datafield tag="776" ind1="0" ind2="8">
         <subfield code="i">Online version:</subfield>
         <subfield code="a">Kiechle, Franz.</subfield>
         <subfield code="t">Lakonien und Sparta.</subfield>
         <subfield code="d">München, Beck, 1963</subfield>
         <subfield code="w">(OCoLC)564624925</subfield>
      </datafield>
      <datafield tag="880" ind1=" " ind2="4">
         <subfield code="6">651-01/</subfield>
         <subfield code="a">Σπάρτη (Αρχαία πόλη)</subfield>
         <subfield code="x">Ιστορία.</subfield>
      </datafield>
      <datafield tag="880" ind1=" " ind2="4">
         <subfield code="6">651-00/</subfield>
         <subfield code="a">Λακωνία (Ελλάδα)</subfield>
         <subfield code="x">Ιστορία.</subfield>
      </datafield>
      <datafield tag="830" ind1=" " ind2="0">
         <subfield code="a">Vestigia ;</subfield>
         <subfield code="v">Bd. 5.</subfield>
      </datafield>
      <datafield tag="OWN" ind1=" " ind2=" ">
         <subfield code="a">GENERAL</subfield>
      </datafield>
      <datafield tag="950" ind1=" " ind2=" ">
         <subfield code="l">FStack</subfield>
         <subfield code="a">DF261.S8</subfield>
         <subfield code="b">K5</subfield>
         <subfield code="d">lass.\</subfield>
         <subfield code="i">01/01/01 N</subfield>
         <subfield code="x">60</subfield>
      </datafield>
      <datafield tag="AVA" ind1=" " ind2=" ">
         <subfield code="a">NYU50</subfield>
         <subfield code="b">NIFA</subfield>
         <subfield code="c">Main Collection</subfield>
         <subfield code="d">DF261.S8 K5 Non-circulating</subfield>
         <subfield code="e">available</subfield>
         <subfield code="t">Available</subfield>
         <subfield code="f">1</subfield>
         <subfield code="g">0</subfield>
         <subfield code="h">N</subfield>
         <subfield code="i">0</subfield>
         <subfield code="j">MAIN</subfield>
         <subfield code="k">0</subfield>
      </datafield>
      <datafield tag="AVA" ind1=" " ind2=" ">
         <subfield code="a">NYU50</subfield>
         <subfield code="b">NISAW</subfield>
         <subfield code="c">Small Collection</subfield>
         <subfield code="d">DF261.S8 K5 1963</subfield>
         <subfield code="e">available</subfield>
         <subfield code="t">Available</subfield>
         <subfield code="f">1</subfield>
         <subfield code="g">0</subfield>
         <subfield code="h">N</subfield>
         <subfield code="i">0</subfield>
         <subfield code="j">SMALL</subfield>
         <subfield code="k">0</subfield>
      </datafield>
      <marc:datafield tag="852" ind1=" " ind2=" ">
         <marc:subfield code="b">Institute for the Study of the Ancient World, </marc:subfield>
         <marc:subfield code="c">Small Collection</marc:subfield>
         <marc:subfield code="e">15 East 84th St., </marc:subfield>
         <marc:subfield code="e">New York, NY  10028</marc:subfield>
      </marc:datafield>
   </record>