
  
  
  
  
  
  
 
  
  <record xsi:schemaLocation="http://www.loc.gov/MARC21/slim http://www.loc.gov/standards/marcxml/schema/MARC21slim.xsd">
      <leader>00000cam  22007217a 4500</leader>
      <controlfield tag="FMT">BK</controlfield>
      <controlfield tag="LDR">00000cam  22007217a 4500</controlfield>
      <controlfield tag="001">004042569</controlfield>
      <controlfield tag="003">OCoLC</controlfield>
      <controlfield tag="005">20141006121218.0</controlfield>
      <controlfield tag="008">910426s1988    cc af         000 0 chi</controlfield>
      <datafield tag="010" ind1=" " ind2=" ">
         <subfield code="a">90165992</subfield>
      </datafield>
      <datafield tag="020" ind1=" " ind2=" ">
         <subfield code="a">7501001790</subfield>
      </datafield>
      <datafield tag="020" ind1=" " ind2=" ">
         <subfield code="a">9787501001798</subfield>
      </datafield>
      <datafield tag="035" ind1=" " ind2=" ">
         <subfield code="a">(OCoLC)45637777</subfield>
         <subfield code="z">(OCoLC)22848440</subfield>
         <subfield code="z">(OCoLC)23241411</subfield>
      </datafield>
      <datafield tag="040" ind1=" " ind2=" ">
         <subfield code="a">DLC-R</subfield>
         <subfield code="b">eng</subfield>
         <subfield code="c">DLC</subfield>
         <subfield code="d">STF</subfield>
         <subfield code="d">CLU</subfield>
         <subfield code="d">ZYU</subfield>
         <subfield code="d">NNU</subfield>
      </datafield>
      <datafield tag="041" ind1="0" ind2=" ">
         <subfield code="a">chi</subfield>
         <subfield code="b">eng</subfield>
         <subfield code="f">eng</subfield>
      </datafield>
      <datafield tag="043" ind1=" " ind2=" ">
         <subfield code="a">a-cc---</subfield>
         <subfield code="a">a-cc-kn</subfield>
      </datafield>
      <datafield tag="050" ind1=" " ind2="4">
         <subfield code="a">GN772.3.C6</subfield>
         <subfield code="b">M45 1988</subfield>
      </datafield>
      <datafield tag="066" ind1=" " ind2=" ">
         <subfield code="c">$1</subfield>
      </datafield>
      <datafield tag="245" ind1="0" ind2="0">
         <subfield code="6">880-01</subfield>
         <subfield code="a">Ji nian Maba ren hua shi fa xian san shi zhou nian wen ji /</subfield>
         <subfield code="c">Guangdong sheng bo wu guan, Qujiang xian bo wu guan bian.</subfield>
      </datafield>
      <datafield tag="250" ind1=" " ind2=" ">
         <subfield code="6">880-02</subfield>
         <subfield code="a">Di 1 ban.</subfield>
      </datafield>
      <datafield tag="260" ind1=" " ind2=" ">
         <subfield code="6">880-03</subfield>
         <subfield code="a">Beijing :</subfield>
         <subfield code="b">Wen wu chu ban she :</subfield>
         <subfield code="b">Fa xing zhe Xin hua shu dian Beijing fa xing suo,</subfield>
         <subfield code="c">1988.</subfield>
      </datafield>
      <datafield tag="300" ind1=" " ind2=" ">
         <subfield code="a">1, 2, 4, 249 p., [16] p. of plates :</subfield>
         <subfield code="b">ill. (some col.) ;</subfield>
         <subfield code="c">27 cm.</subfield>
      </datafield>
      <datafield tag="500" ind1=" " ind2=" ">
         <subfield code="a">Title on added t.p.: Treatises in commemoration of the 30th anniversary of the discovery of Maba human Cranium.</subfield>
      </datafield>
      <datafield tag="500" ind1=" " ind2=" ">
         <subfield code="a">Selected papers from: Ji nian Maba ren hua shi fa xian san shi zhou nian xue shu tao lun hui, 1988.</subfield>
      </datafield>
      <datafield tag="500" ind1=" " ind2=" ">
         <subfield code="a">With English summaries; table of contents also in English.</subfield>
      </datafield>
      <datafield tag="504" ind1=" " ind2=" ">
         <subfield code="a">Includes bibliographical references.</subfield>
      </datafield>
      <datafield tag="520" ind1=" " ind2=" ">
         <subfield code="6">880-04</subfield>
         <subfield code="a">Ben ji lun wen nei rong fen wu bu fen: Maba ren hua shi, you guan shi qi ji dong wu qun de fa jue ji yan jiu, Guangdong gu ren lei xue ji Di si ji dong wu qun de yan jiu, nan fang gu ren lei, Ji shi qi ji Di si ji dong wu qun de yan jiu deng.</subfield>
      </datafield>
      <datafield tag="505" ind1="0" ind2="0">
         <subfield code="6">880-05</subfield>
         <subfield code="t">Maba ren hua shi zai wu guo ren lie fa zhang shi shang de zhong yi yi /</subfield>
         <subfield code="r">Wu Rukang --</subfield>
         <subfield code="t">Maba ren zai ren lei jin hua zhong de wei zhi /</subfield>
         <subfield code="r">Wu Xinzhi --</subfield>
         <subfield code="t">Guangdong Qujiang Maba Shiziyan xin fa xian de ren lei hua shi /</subfield>
         <subfield code="r">Song Fangyi, Zhang Zhenhong, Huang Zhigao --</subfield>
         <subfield code="t">Maba ren de zhong zu te zheng：shi tan wo guo ren zhong qi yuan yu nan fang /</subfield>
         <subfield code="r">Huang Xianghong --</subfield>
         <subfield code="t">Maba ren hua shi di dian xin fa xian de da zhi shi qi /</subfield>
         <subfield code="r">Song Fangyim Qiu Licheng, Huang Zhigao --</subfield>
         <subfield code="t">Maba ren ban sheng dong qu de yan jiu /</subfield>
         <subfield code="r">Song Fangyi, Song Fangyi, Zhang Zhenhong --</subfield>
         <subfield code="t">Maba ren dong wu qun de shi dai yi you guan wen ti de tao lun /</subfield>
         <subfield code="r">Xu Chunhua, Huang Zhigao --</subfield>
         <subfield code="t">Maba ren tou xiang de fu yuan /</subfield>
         <subfield code="r">Wu Xinzhi, Zhao Zhongyi --</subfield>
         <subfield code="t">Guangdong zai gu ren lie xue yan jiu shang de zhong yao di wei /</subfield>
         <subfield code="r">Jia Lanbo --</subfield>
         <subfield code="t">Guangdong di si ji hua shi dong wu qun de zhong lei fen bu ji shi dai hua fen /</subfield>
         <subfield code="r">Qiu Licheng --</subfield>
         <subfield code="t">Guangdong Qujiang Luokeng dong wu qun de chu bu yan jiu /</subfield>
      </datafield>
      <datafield tag="505" ind1="0" ind2="0">
         <subfield code="6">880-06</subfield>
         <subfield code="r">Zhang Zhenhong, Song Fangyi, Huang Zhigao, Li Cheng de, Tang Weizhe, Lai Linsheng --</subfield>
         <subfield code="t">Shi lun Xiashandong liang mei xing xing ya shi yi qi you guan wen ti /</subfield>
         <subfield code="r">Gu Yumin, Huang Wanbo, Song Fangyi, Guo Xingfu, Chen Dayuan</subfield>
         <subfield code="t">Guangdong Luodingzhong gen xin bu ru dong wu hua shi de fa xian ji qi yi yi /</subfield>
         <subfield code="r">Chen Dayuan --</subfield>
         <subfield code="t">Guangdong Huiyangchun Xian Dushizai dong xue yi zhi de xi he mo ji yi zhi shi dai /</subfield>
         <subfield code="r">Qiu Licheng, Song Fangyi, Wang Linhong --</subfield>
         <subfield code="t">Shi lun Lingnan Diqu de ren lei hua shi de fen bu gui lu /</subfield>
         <subfield code="r">Peng Shulin --</subfield>
         <subfield code="t">Dongziren de yi mei zuo shang nei ce de men chi /</subfield>
         <subfield code="r">Cai Huiyang, Wang Xinjin --</subfield>
         <subfield code="t">Huanan da xiong mao：jian chi xiang dong wu qun di li te zheng de chu bu tan tao /</subfield>
         <subfield code="r">Han Defen --</subfield>
         <subfield code="t">Baise shi qi shi ai de shi dai wen ti /</subfield>
         <subfield code="r">Huang Weiwen, Liu Yuan, Li Chaorong, Yuan Xiaofeng, Zhang Zhenhong, Zeng Xiangwang, Xie Guangmao --</subfield>
         <subfield code="t">Guanyindong wen hua ji qi ji shu chuan tong /</subfield>
         <subfield code="r">Li Yanxian --</subfield>
         <subfield code="t">Changyang ren yu shi tou wen hua /</subfield>
         <subfield code="r">Li Tianyuan --</subfield>
      </datafield>
      <datafield tag="505" ind1="0" ind2="0">
         <subfield code="6">880-07</subfield>
         <subfield code="t">Guizhou jiu shi qi shi dai wan qi wen hua de ruo gan wen ti /</subfield>
         <subfield code="r">Zhang Senshui --</subfield>
         <subfield code="t">Guan yu zhi li ren yu zao qi zhi ren bing cun er yin qi de wen ti /</subfield>
         <subfield code="r">Zhang Yinyun --</subfield>
         <subfield code="t">Wo guo zao qi zhi ren de shi dai wen ti /</subfield>
         <subfield code="r">Qiu Zhonglang --</subfield>
         <subfield code="t">Dali ren ji qi wen hua：jian lun Maba ren yu Dayi ren de bi jiao /</subfield>
         <subfield code="r">Zhou Chunmao, Wei Jingwu --</subfield>
         <subfield code="t">Taiyuan Gujiao hou liang zhi jiu shi qi /</subfield>
         <subfield code="r">Wang Xiangqian, Chen Zheying --</subfield>
         <subfield code="t">Gei Niren hui fu ming yu /</subfield>
         <subfield code="r">Qin Xuesheng --</subfield>
         <subfield code="t">Dong xue dui ji yu gu ren lei yi zhi (zhai lu) /</subfield>
         <subfield code="r">Shi Mozhuang, Yang Jingqing --</subfield>
         <subfield code="t">Shixia wen hua lei xing yi cun de nei han, fen bu ji qi yu Fangchengdui wen hua de guan xi /</subfield>
         <subfield code="r">Yang Shiqing --</subfield>
         <subfield code="t">Qian xi Shixia wen hua he Hedang lei xing wen hua yi cun de ji ge wen ti /</subfield>
         <subfield code="r">Zhu Reisu --</subfield>
         <subfield code="t">Shixia jiu shi qu yi zhi de wen hua yin su fen xi /</subfield>
         <subfield code="r">Zeng Qi</subfield>
         <subfield code="t">Shixia wen hua yu dong nan yan hai yuan shi wen hua de guan xi /</subfield>
         <subfield code="r">Li Jiafang --</subfield>
      </datafield>
      <datafield tag="505" ind1="0" ind2="0">
         <subfield code="6">880-08</subfield>
         <subfield code="t">Shi lun Shixia wen hua yu Haidai, Taihu shi qian wen hua qu de guan xi /</subfield>
         <subfield code="r">Wu Ruzuo --</subfield>
         <subfield code="t">Qujiang Wushuchuang ban yang de Shixia wen hua yi zhi /</subfield>
         <subfield code="r">Liu Chengde --</subfield>
         <subfield code="t">Jian lun Nanling nan bei di qu Xin shi dai wan qi wen hua de guan xi：jian xi Shixia lei xing wen hua de jie gou /</subfield>
         <subfield code="r">Liang Zhaotao, Zhang Yongli --</subfield>
         <subfield code="t">Xianggang xin fa xian de shi qian da zhi shi qi /</subfield>
         <subfield code="r">Zheng Dekun, Deng Cong --</subfield>
         <subfield code="t">Xianggang Dayushan Dongwan shi qi shi dai sha qiu yi zhi de fa jue /</subfield>
         <subfield code="r">Qu Jiafa, Deng Cong --</subfield>
         <subfield code="t">Yuebei Qiqu Xin shi qi mo qi wen hua chu shi /</subfield>
         <subfield code="r">Long Yongguang.</subfield>
      </datafield>
      <datafield tag="650" ind1=" " ind2="0">
         <subfield code="a">Prehistoric peoples</subfield>
         <subfield code="z">China.</subfield>
      </datafield>
      <datafield tag="650" ind1=" " ind2="0">
         <subfield code="a">Archaeology</subfield>
         <subfield code="z">China.</subfield>
      </datafield>
      <datafield tag="650" ind1=" " ind2="0">
         <subfield code="a">Paleotology</subfield>
         <subfield code="z">China</subfield>
         <subfield code="z">Guangdong Sheng.</subfield>
      </datafield>
      <datafield tag="710" ind1="2" ind2=" ">
         <subfield code="6">880-09</subfield>
         <subfield code="a">Guangdong sheng bo wu guan.</subfield>
      </datafield>
      <datafield tag="710" ind1="2" ind2=" ">
         <subfield code="a">Qujiang Xian bo wu guan</subfield>
         <subfield code="6">880-10</subfield>
      </datafield>
      <datafield tag="711" ind1="2" ind2=" ">
         <subfield code="6">880-11</subfield>
         <subfield code="a">Ji nian Maba ren hua shi fa xian san shi zhou nian xue shu tao lun hui</subfield>
         <subfield code="d">(1988 :</subfield>
         <subfield code="c">Maba, Guangdong Sheng, China)</subfield>
      </datafield>
      <datafield tag="740" ind1="0" ind2=" ">
         <subfield code="a">Treatises in commemoration of the 30th anniversary of the discovery of Maba human Cranium.</subfield>
      </datafield>
      <datafield tag="776" ind1="0" ind2="8">
         <subfield code="i">Online version:</subfield>
         <subfield code="t">Ji nian Maba ren hua shi fa xian san shi zhou nian wen ji.</subfield>
         <subfield code="b">Di 1 ban.</subfield>
         <subfield code="d">Beijing : Wen wu chu ban she : Fa xing zhe Xin hua shu dian Beijing fa xing suo, 1988</subfield>
         <subfield code="w">(OCoLC)637347434</subfield>
      </datafield>
      <datafield tag="880" ind1="0" ind2="0">
         <subfield code="6">245-01/</subfield>
         <subfield code="a">纪念马坝人化石发现三十周年文集 /</subfield>
         <subfield code="c">廣东省博物馆, 曲江县博物馆编.</subfield>
      </datafield>
      <datafield tag="880" ind1=" " ind2=" ">
         <subfield code="6">250-02/</subfield>
         <subfield code="a">第1版.</subfield>
      </datafield>
      <datafield tag="880" ind1=" " ind2=" ">
         <subfield code="6">260-03/</subfield>
         <subfield code="a">北京 :</subfield>
         <subfield code="b">文物出版社 :</subfield>
         <subfield code="b">发行者新华书店北京发行所,</subfield>
         <subfield code="c">1988.</subfield>
      </datafield>
      <datafield tag="880" ind1=" " ind2=" ">
         <subfield code="6">520-04/</subfield>
         <subfield code="a">本集论文内容分五部分:马坝人化石, 有关石器及动物群的发掘及研究, 广东古人类学及第四纪动物群的研究, 南方古人类, 旧石器及第四纪动物群的研究等.</subfield>
      </datafield>
      <datafield tag="880" ind1="0" ind2="0">
         <subfield code="6">505-05/</subfield>
         <subfield code="t">马坝人化石在我国人类发展史上的重要意义 /</subfield>
         <subfield code="r">吴汝康 --</subfield>
         <subfield code="t">马坝人在人类进化中的位置 /</subfield>
         <subfield code="r">吴新智 --</subfield>
         <subfield code="t">广东曲江马坝狮子岩新发现的人类化石 /</subfield>
         <subfield code="r">宋方义 张镇洪 黄志高 --</subfield>
         <subfield code="t">马坝人的种族特征：试谈我国人种起源于南方 /</subfield>
         <subfield code="r">黄象洪 --</subfield>
         <subfield code="t">马坝人化石地点新发现的打制石器 /</subfield>
         <subfield code="r">宋方义，邱立诚，黄志高 --</subfield>
         <subfield code="t">马坝人伴生动物群的研究 /</subfield>
         <subfield code="r">宋方义，张镇洪 --</subfield>
         <subfield code="t">马坝人动物群的时代及有关问题的讨论 /</subfield>
         <subfield code="r">许春花，黄志高 --</subfield>
         <subfield code="t">马坝人头像的复原 /</subfield>
         <subfield code="r">吴新智，赵中义 --</subfield>
         <subfield code="t">广东在古人类学研究上的重要地位 /</subfield>
         <subfield code="r">贾兰坡 --</subfield>
         <subfield code="t">广东第四纪化石动物群的种类分布及时代划分 /</subfield>
         <subfield code="r">邱立诚 --</subfield>
         <subfield code="t">广东曲江罗坑动物群的初步研究 /</subfield>
      </datafield>
      <datafield tag="880" ind1="0" ind2="0">
         <subfield code="6">505-06/</subfield>
         <subfield code="r">张镇洪，宋方义，黄志高，刘成德，唐维哲，赖林生 --</subfield>
         <subfield code="t">试论下山洞两枚猩猩牙齿及其有关问题 /</subfield>
         <subfield code="r">顾钰民，黄万波，宋方义，郭兴福，陈大远 --</subfield>
         <subfield code="t">广东罗定中更新哺乳动物化石的发现及其意义 /</subfield>
         <subfield code="r">陈大远 --</subfield>
         <subfield code="t">广东阳春县独石仔洞穴遗址的犀和貘及遗址时代 /</subfield>
         <subfield code="r">邱立诚，宋方义，王令红 --</subfield>
         <subfield code="t">试论岭南地区的人类化石的分布规律 /</subfield>
         <subfield code="r">彭书琳 --</subfield>
         <subfield code="t">桐梓人的一枚左上内侧门齿 /</subfield>
         <subfield code="r">蔡惠阳，王新金 --</subfield>
         <subfield code="t">华南大熊猫：剑齿象动物群地理特征的初步探讨 /</subfield>
         <subfield code="r">韩德芬 --</subfield>
         <subfield code="t">百色石器的时代问题 /</subfield>
         <subfield code="r">黄慰文，刘源，李超荣，员晓枫，张镇洪，曾祥旺，谢光茂 --</subfield>
         <subfield code="t">观音洞文化及其技术传统 /</subfield>
         <subfield code="r">李炎贤 --</subfield>
         <subfield code="t">长阳人与石头文化 /</subfield>
         <subfield code="r">李天元 --</subfield>
      </datafield>
      <datafield tag="880" ind1="0" ind2="0">
         <subfield code="6">505-07/</subfield>
         <subfield code="t">贵州旧石器时代晚期文化的若干问题 /</subfield>
         <subfield code="r">张森水 --</subfield>
         <subfield code="t">关于直立人与早期智人并存而引起的问题 /</subfield>
         <subfield code="r">张银运 --</subfield>
         <subfield code="t">我国早期智人的时代问题 /</subfield>
         <subfield code="r">邱中郎 --</subfield>
         <subfield code="t">大荔人及其文化：兼论马坝人与大荔人的比较 /</subfield>
         <subfield code="r">周春茂，魏京武 --</subfield>
         <subfield code="t">太原古交后梁之旧石器 /</subfield>
         <subfield code="r">王向前，陈哲英 --</subfield>
         <subfield code="t">给尼人回复名誉 /</subfield>
         <subfield code="r">秦学圣 --</subfield>
         <subfield code="t">洞穴堆积与古人类遗址（摘录）/</subfield>
         <subfield code="r">时墨庄，杨京清 --</subfield>
         <subfield code="t">石峡文化类型遗存的内涵，分布及其与樊城堆文化的关系 /</subfield>
         <subfield code="r">杨式挺 --</subfield>
         <subfield code="t">浅析石峡文化和河宕类型文化遗存的几个问题 /</subfield>
         <subfield code="r">朱非素 --</subfield>
         <subfield code="t">石峡新石器遗址的文化因素分析 /</subfield>
         <subfield code="r">曾骐</subfield>
         <subfield code="t">石峡文化与东南沿海原始文化的关系 /</subfield>
         <subfield code="r">黎家芳 --</subfield>
      </datafield>
      <datafield tag="880" ind1="0" ind2="0">
         <subfield code="6">505-08/</subfield>
         <subfield code="t">试论石峡文化与海岱，太湖史前文化区的关系 /</subfield>
         <subfield code="r">吴汝祚 --</subfield>
         <subfield code="t">曲江乌石床板样发现的石峡文化遗址 /</subfield>
         <subfield code="r">刘成德 --</subfield>
         <subfield code="t">简论南岭南北地区新石器时代晚期文化的关系：兼析石峡类型的文化结构 /</subfield>
         <subfield code="r">梁钊韬，张永钊 --</subfield>
         <subfield code="t">香港新发现的史前打制石器 /</subfield>
         <subfield code="r">郑德坤，邓聪 --</subfield>
         <subfield code="t">香港大屿山东湾新石器时代沙丘遗址的发掘 /</subfield>
         <subfield code="r">区家发，邓聪 --</subfield>
         <subfield code="t">粤北地区新石器末期文化初识 /</subfield>
         <subfield code="r">卢永光.</subfield>
      </datafield>
      <datafield tag="880" ind1="2" ind2=" ">
         <subfield code="6">710-09/</subfield>
         <subfield code="a">广东省博物馆.</subfield>
      </datafield>
      <datafield tag="880" ind1="2" ind2=" ">
         <subfield code="6">710-10/</subfield>
         <subfield code="a">曲江县博物馆.</subfield>
      </datafield>
      <datafield tag="880" ind1="2" ind2=" ">
         <subfield code="6">711-11/</subfield>
         <subfield code="a">纪念马坝人化石发现三十周年学术讨论会</subfield>
         <subfield code="d">(1988 :</subfield>
         <subfield code="c">Maba, Guangdong Sheng, China)</subfield>
      </datafield>
      <datafield tag="994" ind1=" " ind2=" ">
         <subfield code="a">Z0</subfield>
         <subfield code="b">ZYU</subfield>
      </datafield>
      <datafield tag="OWN" ind1=" " ind2=" ">
         <subfield code="a">GENERAL</subfield>
      </datafield>
      <datafield tag="AVA" ind1=" " ind2=" ">
         <subfield code="a">NYU50</subfield>
         <subfield code="b">NISAW</subfield>
         <subfield code="c">Small Collection</subfield>
         <subfield code="d">GN772.3.C6 M45 1988</subfield>
         <subfield code="e">available</subfield>
         <subfield code="t">Available</subfield>
         <subfield code="f">1</subfield>
         <subfield code="g">0</subfield>
         <subfield code="h">N</subfield>
         <subfield code="i">0</subfield>
         <subfield code="j">SMALL</subfield>
         <subfield code="k">0</subfield>
      </datafield>
      <marc:datafield tag="852" ind1=" " ind2=" ">
         <marc:subfield code="b">Institute for the Study of the Ancient World, </marc:subfield>
         <marc:subfield code="c">Small Collection</marc:subfield>
         <marc:subfield code="e">15 East 84th St., </marc:subfield>
         <marc:subfield code="e">New York, NY  10028</marc:subfield>
      </marc:datafield>
   </record>