
  
  
  
  
  
 
  
  <record xsi:schemaLocation="http://www.loc.gov/MARC21/slim http://www.loc.gov/standards/marcxml/schema/MARC21slim.xsd">
      <leader>00000cam  2200541 a 4500</leader>
      <controlfield tag="FMT">BK</controlfield>
      <controlfield tag="LDR">00000cam  2200541 a 4500</controlfield>
      <controlfield tag="001">004043099</controlfield>
      <controlfield tag="003">OCoLC</controlfield>
      <controlfield tag="005">20141008103431.0</controlfield>
      <controlfield tag="008">141008s1955    cc abf        100 0 chi</controlfield>
      <datafield tag="010" ind1=" " ind2=" ">
         <subfield code="a">c 59002844</subfield>
      </datafield>
      <datafield tag="035" ind1=" " ind2=" ">
         <subfield code="a">(OCoLC)21633325</subfield>
         <subfield code="z">(OCoLC)123436436</subfield>
      </datafield>
      <datafield tag="040" ind1=" " ind2=" ">
         <subfield code="a">DLC</subfield>
         <subfield code="b">eng</subfield>
         <subfield code="c">CLU</subfield>
         <subfield code="d">IXA</subfield>
         <subfield code="d">ZSJ</subfield>
         <subfield code="d">OCL</subfield>
         <subfield code="d">OCLCG</subfield>
         <subfield code="d">CUY</subfield>
         <subfield code="d">OCLCQ</subfield>
         <subfield code="d">OCLCF</subfield>
         <subfield code="d">OCLCO</subfield>
         <subfield code="d">OCLCQ</subfield>
         <subfield code="d">ZYU</subfield>
         <subfield code="d">NNU</subfield>
      </datafield>
      <datafield tag="043" ind1=" " ind2=" ">
         <subfield code="a">a-cc---</subfield>
      </datafield>
      <datafield tag="050" ind1=" " ind2="4">
         <subfield code="a">GN772.3.C6</subfield>
         <subfield code="b">Z592 1955</subfield>
      </datafield>
      <datafield tag="066" ind1=" " ind2=" ">
         <subfield code="c">$1</subfield>
      </datafield>
      <datafield tag="110" ind1="2" ind2=" ">
         <subfield code="a">Zhongguo ke xue yuan.</subfield>
         <subfield code="b">Gu ji zhui dong wu yan jiu suo</subfield>
         <subfield code="6">880-01</subfield>
      </datafield>
      <datafield tag="245" ind1="1" ind2="0">
         <subfield code="6">880-02</subfield>
         <subfield code="a">Zhongguo ren lei hua shi de fa xian yu yan jiu :</subfield>
         <subfield code="b">Zhongguo yuan ren di yi ge tou gai gu fa xian er shi wu zhou nian ji nian hui bao gao zhuan ji /</subfield>
         <subfield code="c">Zhongguo ke xue yuan gu ji zhui dong wu yan jiu suo bian ji, Guo Moruo [and others] zhu.</subfield>
      </datafield>
      <datafield tag="260" ind1=" " ind2=" ">
         <subfield code="6">880-03</subfield>
         <subfield code="a">Beijing :</subfield>
         <subfield code="b">Ke xue chu ban she,</subfield>
         <subfield code="c">1955.</subfield>
      </datafield>
      <datafield tag="300" ind1=" " ind2=" ">
         <subfield code="a">104 pages :</subfield>
         <subfield code="b">illustrations, plates, map, tables ;</subfield>
         <subfield code="c">21 cm</subfield>
      </datafield>
      <datafield tag="336" ind1=" " ind2=" ">
         <subfield code="a">text</subfield>
         <subfield code="b">txt</subfield>
         <subfield code="2">rdacontent</subfield>
      </datafield>
      <datafield tag="337" ind1=" " ind2=" ">
         <subfield code="a">unmediated</subfield>
         <subfield code="b">n</subfield>
         <subfield code="2">rdamedia</subfield>
      </datafield>
      <datafield tag="338" ind1=" " ind2=" ">
         <subfield code="a">volume</subfield>
         <subfield code="b">nc</subfield>
         <subfield code="2">rdacarrier</subfield>
      </datafield>
      <datafield tag="505" ind1="0" ind2="0">
         <subfield code="6">880-04</subfield>
         <subfield code="t">Zai Zhongguo yuan ren di yi ge tou gai gu fa xian er shi wu zhou nian ji nian hui shang de bao gao /</subfield>
         <subfield code="r">Guo Moruo --</subfield>
         <subfield code="t">Zhongguo hua shi ren lei yan jiu de guo qu xian zai yu wei lai /</subfield>
         <subfield code="r">Yang Zhongjian --</subfield>
         <subfield code="t">Cong ji zhui dong wu hua shi shang ke neng kan dao de Zhongguo hua shi ren lei sheng huo de zi ran huan jing /</subfield>
         <subfield code="r">Zhou Mingzhen --</subfield>
         <subfield code="t">Zhongguo fa xian de ge zhong ren lei hua his ji qi zai ren lei jing hua shang de yi yi /</subfield>
         <subfield code="r">Wu Rukang, Jia Lanpo --</subfield>
         <subfield code="t">Zhongguo jiu shi qi shi dai de wen hua /</subfield>
         <subfield code="r">Pei Wenzhong --</subfield>
         <subfield code="t">Shanxi Xianfen Xian Ding Cun ren lei hua shi ji jiu shi qi fa jue jian bao /</subfield>
         <subfield code="r">Jia Lanpo.</subfield>
      </datafield>
      <datafield tag="650" ind1=" " ind2="0">
         <subfield code="a">Paleolithic period</subfield>
         <subfield code="z">China.</subfield>
      </datafield>
      <datafield tag="650" ind1=" " ind2="0">
         <subfield code="a">Prehistoric peoples</subfield>
         <subfield code="z">China.</subfield>
      </datafield>
      <datafield tag="650" ind1=" " ind2="7">
         <subfield code="a">Prehistoric peoples.</subfield>
         <subfield code="2">fast</subfield>
         <subfield code="0">(OCoLC)fst01075242</subfield>
      </datafield>
      <datafield tag="651" ind1=" " ind2="7">
         <subfield code="a">China.</subfield>
         <subfield code="2">fast</subfield>
         <subfield code="0">(OCoLC)fst01206073</subfield>
      </datafield>
      <datafield tag="700" ind1="1" ind2=" ">
         <subfield code="a">Guo, Moruo,</subfield>
         <subfield code="d">1892-1978</subfield>
         <subfield code="6">880-05</subfield>
      </datafield>
      <datafield tag="776" ind1="0" ind2="8">
         <subfield code="i">Online version:</subfield>
         <subfield code="a">Zhongguo ke xue yuan. Gu ji zhui dong wu yan jiu suo.</subfield>
         <subfield code="t">Zhongguo ren lei hua shi de fa xian yu yan jiu.</subfield>
         <subfield code="d">Beijing : Ke xue chu ban she, 1955</subfield>
         <subfield code="w">(OCoLC)647583744</subfield>
      </datafield>
      <datafield tag="880" ind1="2" ind2=" ">
         <subfield code="6">110-01/</subfield>
         <subfield code="a">中國科學院.</subfield>
         <subfield code="b">古脊椎動物硏究所.</subfield>
      </datafield>
      <datafield tag="880" ind1="1" ind2="0">
         <subfield code="6">245-02/</subfield>
         <subfield code="a">中國人類化石的發現與硏究 :</subfield>
         <subfield code="b">中國猿人第一個頭蓋骨發現二十五周年紀念會報告專集 /</subfield>
         <subfield code="c">中國科學院古脊椎動物硏究所編輯, 郭沫若[et al.]著.</subfield>
      </datafield>
      <datafield tag="880" ind1=" " ind2=" ">
         <subfield code="6">260-03/</subfield>
         <subfield code="a">北京 :</subfield>
         <subfield code="b">科學出版社,</subfield>
         <subfield code="c">1955.</subfield>
      </datafield>
      <datafield tag="880" ind1="0" ind2="0">
         <subfield code="6">505-04/</subfield>
         <subfield code="t">在中国猿人第一个头盖骨发现二十五周年纪念会上的报告 /</subfield>
         <subfield code="r">郭沫若 --</subfield>
         <subfield code="t">中国化石人类研究的过去现在与未来 /</subfield>
         <subfield code="r">杨钟健 --</subfield>
         <subfield code="t">从脊椎动物化石上可能看到的中国化石人类生活的自然环境 /</subfield>
         <subfield code="r">周名镇 --</subfield>
         <subfield code="t">中国发现的各种人类化石及其在人类进化上的意义 /</subfield>
         <subfield code="r">吴汝康，贾兰坡 --</subfield>
         <subfield code="t">中国旧石器时代的文化 /</subfield>
         <subfield code="r">裴文中 --</subfield>
         <subfield code="t">山西襄汾县丁村人类化石及旧石器发掘简报 /</subfield>
         <subfield code="r">贾兰坡.</subfield>
      </datafield>
      <datafield tag="880" ind1=" " ind2=" ">
         <subfield code="6">500-00/</subfield>
         <subfield code="a">鉛印本.</subfield>
      </datafield>
      <datafield tag="880" ind1="1" ind2=" ">
         <subfield code="6">700-05/</subfield>
         <subfield code="a">郭沫若,</subfield>
         <subfield code="d">1892-1978.</subfield>
      </datafield>
      <datafield tag="994" ind1=" " ind2=" ">
         <subfield code="a">Z0</subfield>
         <subfield code="b">ZYU</subfield>
      </datafield>
      <datafield tag="OWN" ind1=" " ind2=" ">
         <subfield code="a">GENERAL</subfield>
      </datafield>
      <datafield tag="AVA" ind1=" " ind2=" ">
         <subfield code="a">NYU50</subfield>
         <subfield code="b">NISAW</subfield>
         <subfield code="c">Small Collection</subfield>
         <subfield code="d">GN772.3.C6 Z592 1955</subfield>
         <subfield code="e">available</subfield>
         <subfield code="t">Available</subfield>
         <subfield code="f">1</subfield>
         <subfield code="g">0</subfield>
         <subfield code="h">N</subfield>
         <subfield code="i">0</subfield>
         <subfield code="j">SMALL</subfield>
         <subfield code="k">0</subfield>
      </datafield>
      <marc:datafield tag="852" ind1=" " ind2=" ">
         <marc:subfield code="b">Institute for the Study of the Ancient World, </marc:subfield>
         <marc:subfield code="c">Small Collection</marc:subfield>
         <marc:subfield code="e">15 East 84th St., </marc:subfield>
         <marc:subfield code="e">New York, NY  10028</marc:subfield>
      </marc:datafield>
   </record>