
  
  
  
  
  
 
  
  <record xsi:schemaLocation="http://www.loc.gov/MARC21/slim http://www.loc.gov/standards/marcxml/schema/MARC21slim.xsd">
      <leader>00000cam  2200841 a 4500</leader>
      <controlfield tag="FMT">BK</controlfield>
      <controlfield tag="LDR">00000cam  2200841 a 4500</controlfield>
      <controlfield tag="001">000149547</controlfield>
      <controlfield tag="003">OCoLC</controlfield>
      <controlfield tag="005">20141014124947.0</controlfield>
      <controlfield tag="008">141009s2001    cc abcf  b    000 0 chi d</controlfield>
      <datafield tag="010" ind1=" " ind2=" ">
         <subfield code="a">2002480154</subfield>
      </datafield>
      <datafield tag="020" ind1=" " ind2=" ">
         <subfield code="a">750101292X</subfield>
      </datafield>
      <datafield tag="020" ind1=" " ind2=" ">
         <subfield code="a">9787501012923</subfield>
      </datafield>
      <datafield tag="035" ind1=" " ind2=" ">
         <subfield code="a">(OCoLC)49669612</subfield>
      </datafield>
      <datafield tag="040" ind1=" " ind2=" ">
         <subfield code="a">HUA</subfield>
         <subfield code="b">eng</subfield>
         <subfield code="c">HUA</subfield>
         <subfield code="d">HNK</subfield>
         <subfield code="d">PIT</subfield>
         <subfield code="d">HNK</subfield>
         <subfield code="d">CLU</subfield>
         <subfield code="d">WAU</subfield>
         <subfield code="d">DLC</subfield>
         <subfield code="d">CUS</subfield>
         <subfield code="d">OCLCG</subfield>
         <subfield code="d">HMY</subfield>
         <subfield code="d">OCLCA</subfield>
         <subfield code="d">OCLCQ</subfield>
         <subfield code="d">OCLCO</subfield>
         <subfield code="d">OCLCF</subfield>
         <subfield code="d">CHVBK</subfield>
         <subfield code="d">NNU</subfield>
      </datafield>
      <datafield tag="043" ind1=" " ind2=" ">
         <subfield code="a">a-cc-hh</subfield>
      </datafield>
      <datafield tag="050" ind1="0" ind2="0">
         <subfield code="a">DS797.48.S85</subfield>
         <subfield code="b">T36 2001</subfield>
      </datafield>
      <datafield tag="066" ind1=" " ind2=" ">
         <subfield code="c">$1</subfield>
      </datafield>
      <datafield tag="082" ind1="0" ind2="4">
         <subfield code="a">797.25153</subfield>
         <subfield code="b">01</subfield>
      </datafield>
      <datafield tag="100" ind1="1" ind2=" ">
         <subfield code="a">Tan, Weisi</subfield>
         <subfield code="6">880-01</subfield>
      </datafield>
      <datafield tag="245" ind1="1" ind2="0">
         <subfield code="6">880-02</subfield>
         <subfield code="a">Zeng hou Yi mu /</subfield>
         <subfield code="c">Tan Weisi zhu.</subfield>
      </datafield>
      <datafield tag="250" ind1=" " ind2=" ">
         <subfield code="6">880-03</subfield>
         <subfield code="a">Di 1 ban.</subfield>
      </datafield>
      <datafield tag="260" ind1=" " ind2=" ">
         <subfield code="6">880-04</subfield>
         <subfield code="a">Beijing :</subfield>
         <subfield code="b">Wen wu chu ban she,</subfield>
         <subfield code="c">2001.</subfield>
      </datafield>
      <datafield tag="300" ind1=" " ind2=" ">
         <subfield code="a">[14], 216 pages, [4] pages of plates :</subfield>
         <subfield code="b">illustrations, map, portrait (some color) ;</subfield>
         <subfield code="c">21 cm.</subfield>
      </datafield>
      <datafield tag="336" ind1=" " ind2=" ">
         <subfield code="a">text</subfield>
         <subfield code="b">txt</subfield>
         <subfield code="2">rdacontent</subfield>
      </datafield>
      <datafield tag="337" ind1=" " ind2=" ">
         <subfield code="a">unmediated</subfield>
         <subfield code="b">n</subfield>
         <subfield code="2">rdamedia</subfield>
      </datafield>
      <datafield tag="338" ind1=" " ind2=" ">
         <subfield code="a">volume</subfield>
         <subfield code="b">nc</subfield>
         <subfield code="2">rdacarrier</subfield>
      </datafield>
      <datafield tag="490" ind1="1" ind2=" ">
         <subfield code="6">880-05</subfield>
         <subfield code="a">20 shi ji Zhongguo wen wu kao gu fa xian yu yan jiu cong shu ;</subfield>
         <subfield code="v">Di 4 ji</subfield>
      </datafield>
      <datafield tag="504" ind1=" " ind2=" ">
         <subfield code="a">Includes bibliographical references (pages 201-214).</subfield>
      </datafield>
      <datafield tag="600" ind1="1" ind2="0">
         <subfield code="6">880-06</subfield>
         <subfield code="a">Zeng, Yi,</subfield>
         <subfield code="c">Hou,</subfield>
         <subfield code="d">-433 B.C.</subfield>
         <subfield code="x">Tomb.</subfield>
      </datafield>
      <datafield tag="650" ind1=" " ind2="0">
         <subfield code="6">880-07</subfield>
         <subfield code="a">Excavations (Archaeology)</subfield>
         <subfield code="z">China</subfield>
         <subfield code="z">Suizhou Shi.</subfield>
      </datafield>
      <datafield tag="651" ind1=" " ind2="0">
         <subfield code="a">Suizhou Shi (China)</subfield>
         <subfield code="6">880-08</subfield>
         <subfield code="x">Antiquities.</subfield>
      </datafield>
      <datafield tag="600" ind1="1" ind2="7">
         <subfield code="a">Zeng, Yi,</subfield>
         <subfield code="c">Hou,</subfield>
         <subfield code="d">-433 B.C.</subfield>
         <subfield code="2">fast</subfield>
         <subfield code="0">(OCoLC)fst01859773</subfield>
      </datafield>
      <datafield tag="650" ind1=" " ind2="7">
         <subfield code="a">Antiquities.</subfield>
         <subfield code="2">fast</subfield>
         <subfield code="0">(OCoLC)fst00810745</subfield>
      </datafield>
      <datafield tag="650" ind1=" " ind2="7">
         <subfield code="a">Excavations (Archaeology)</subfield>
         <subfield code="2">fast</subfield>
         <subfield code="0">(OCoLC)fst00917564</subfield>
      </datafield>
      <datafield tag="650" ind1=" " ind2="7">
         <subfield code="a">Tombs.</subfield>
         <subfield code="2">fast</subfield>
         <subfield code="0">(OCoLC)fst01152439</subfield>
      </datafield>
      <datafield tag="651" ind1=" " ind2="7">
         <subfield code="a">China</subfield>
         <subfield code="z">Suizhou Shi.</subfield>
         <subfield code="2">fast</subfield>
         <subfield code="0">(OCoLC)fst01219324</subfield>
      </datafield>
      <datafield tag="650" ind1=" " ind2="7">
         <subfield code="a">Ausgrabung.</subfield>
         <subfield code="0">(DE-588)4129464-6</subfield>
         <subfield code="2">gnd</subfield>
      </datafield>
      <datafield tag="650" ind1=" " ind2="7">
         <subfield code="a">Funde.</subfield>
         <subfield code="0">(DE-588)4071507-3</subfield>
         <subfield code="2">gnd</subfield>
      </datafield>
      <datafield tag="651" ind1=" " ind2="7">
         <subfield code="a">China.</subfield>
         <subfield code="0">(DE-588)4009937-4</subfield>
         <subfield code="2">gnd</subfield>
      </datafield>
      <datafield tag="651" ind1=" " ind2="7">
         <subfield code="a">Hubei.</subfield>
         <subfield code="0">(DE-588)4305745-7</subfield>
         <subfield code="2">gnd</subfield>
      </datafield>
      <datafield tag="880" ind1="1" ind2=" ">
         <subfield code="6">100-01/</subfield>
         <subfield code="a">谭维四.</subfield>
      </datafield>
      <datafield tag="880" ind1="1" ind2="0">
         <subfield code="6">245-02/</subfield>
         <subfield code="a">曾侯乙墓 /</subfield>
         <subfield code="c">谭维四著.</subfield>
      </datafield>
      <datafield tag="880" ind1=" " ind2=" ">
         <subfield code="6">250-03/</subfield>
         <subfield code="a">第1版.</subfield>
      </datafield>
      <datafield tag="880" ind1=" " ind2=" ">
         <subfield code="6">260-04/</subfield>
         <subfield code="a">北京 :</subfield>
         <subfield code="b">文物出版社,</subfield>
         <subfield code="c">2001.</subfield>
      </datafield>
      <datafield tag="880" ind1="1" ind2=" ">
         <subfield code="6">490-05/</subfield>
         <subfield code="a">20世纪中国文物考古发现与研究丛书 ;</subfield>
         <subfield code="v">第4辑</subfield>
      </datafield>
      <datafield tag="880" ind1="1" ind2="4">
         <subfield code="6">600-06/</subfield>
         <subfield code="a">曾乙,</subfield>
         <subfield code="c">侯,</subfield>
         <subfield code="d">d. 433 B.C</subfield>
         <subfield code="x">Tomb.</subfield>
      </datafield>
      <datafield tag="880" ind1=" " ind2="4">
         <subfield code="6">650-07/</subfield>
         <subfield code="a">Excavations (Archaeology)</subfield>
         <subfield code="z">China</subfield>
         <subfield code="z">随州市.</subfield>
      </datafield>
      <datafield tag="880" ind1=" " ind2="4">
         <subfield code="6">651-08/</subfield>
         <subfield code="a">随州市(China)</subfield>
         <subfield code="x">Antiquities.</subfield>
      </datafield>
      <datafield tag="830" ind1=" " ind2="0">
         <subfield code="6">880-09</subfield>
         <subfield code="a">20 shi ji Zhongguo wen wu kao gu fa xian yu yan jiu cong shu.</subfield>
         <subfield code="n">Di 4 ji,</subfield>
         <subfield code="p">Zhong da kao gu fa xian.</subfield>
      </datafield>
      <datafield tag="880" ind1=" " ind2="0">
         <subfield code="6">830-09/</subfield>
         <subfield code="a">20世纪中国文物考古发现与研究丛书.</subfield>
         <subfield code="n">第4辑,</subfield>
         <subfield code="p">重大考古发现.</subfield>
      </datafield>
      <datafield tag="OWN" ind1=" " ind2=" ">
         <subfield code="a">GENERAL</subfield>
      </datafield>
      <datafield tag="998" ind1=" " ind2=" ">
         <subfield code="e">uhol</subfield>
         <subfield code="n">NNU</subfield>
         <subfield code="s">1</subfield>
         <subfield code="t">c</subfield>
         <subfield code="z">p</subfield>
      </datafield>
      <datafield tag="AVA" ind1=" " ind2=" ">
         <subfield code="a">NYU50</subfield>
         <subfield code="b">NIFA</subfield>
         <subfield code="c">Asian</subfield>
         <subfield code="d">DS797.48.S85 T36 2001 Non-circulating</subfield>
         <subfield code="e">available</subfield>
         <subfield code="t">Available</subfield>
         <subfield code="f">1</subfield>
         <subfield code="g">0</subfield>
         <subfield code="h">N</subfield>
         <subfield code="i">0</subfield>
         <subfield code="j">ASIAN</subfield>
         <subfield code="k">0</subfield>
      </datafield>
      <datafield tag="AVA" ind1=" " ind2=" ">
         <subfield code="a">NYU50</subfield>
         <subfield code="b">NISAW</subfield>
         <subfield code="c">Small Collection</subfield>
         <subfield code="d">DS797.48.S85 T36 2001</subfield>
         <subfield code="e">available</subfield>
         <subfield code="t">Available</subfield>
         <subfield code="f">1</subfield>
         <subfield code="g">0</subfield>
         <subfield code="h">N</subfield>
         <subfield code="i">0</subfield>
         <subfield code="j">SMALL</subfield>
         <subfield code="k">0</subfield>
      </datafield>
      <marc:datafield tag="852" ind1=" " ind2=" ">
         <marc:subfield code="b">Institute for the Study of the Ancient World, </marc:subfield>
         <marc:subfield code="c">Small Collection</marc:subfield>
         <marc:subfield code="e">15 East 84th St., </marc:subfield>
         <marc:subfield code="e">New York, NY  10028</marc:subfield>
      </marc:datafield>
   </record>