
  
  
  
  
  
  
 
  
  <record xsi:schemaLocation="http://www.loc.gov/MARC21/slim http://www.loc.gov/standards/marcxml/schema/MARC21slim.xsd">
      <leader>00000cam  2200289 i 4500</leader>
      <controlfield tag="FMT">BK</controlfield>
      <controlfield tag="LDR">00000cam  2200289 i 4500</controlfield>
      <controlfield tag="001">004044407</controlfield>
      <controlfield tag="003">OCoLC</controlfield>
      <controlfield tag="005">20141017103353.0</controlfield>
      <controlfield tag="008">141010s2014    au abe   b    000 0 ger d</controlfield>
      <datafield tag="016" ind1="7" ind2=" ">
         <subfield code="a">1052070930</subfield>
         <subfield code="2">GyFmDB</subfield>
      </datafield>
      <datafield tag="020" ind1=" " ind2=" ">
         <subfield code="a">9783900305680 (hd.bd.)</subfield>
      </datafield>
      <datafield tag="020" ind1=" " ind2=" ">
         <subfield code="a">3900305684 (hd.bd.)</subfield>
      </datafield>
      <datafield tag="035" ind1=" " ind2=" ">
         <subfield code="a">(OCoLC)886289064</subfield>
      </datafield>
      <datafield tag="040" ind1=" " ind2=" ">
         <subfield code="a">OHX</subfield>
         <subfield code="b">eng</subfield>
         <subfield code="e">rda</subfield>
         <subfield code="c">OHX</subfield>
         <subfield code="d">OCLCO</subfield>
         <subfield code="d">NNU</subfield>
      </datafield>
      <datafield tag="041" ind1="0" ind2=" ">
         <subfield code="a">ger</subfield>
         <subfield code="a">ita</subfield>
      </datafield>
      <datafield tag="043" ind1=" " ind2=" ">
         <subfield code="a">e-au---</subfield>
      </datafield>
      <datafield tag="050" ind1=" " ind2="4">
         <subfield code="a">DB690</subfield>
         <subfield code="b">.H37 2014</subfield>
      </datafield>
      <datafield tag="072" ind1=" " ind2="7">
         <subfield code="a">HE</subfield>
         <subfield code="2">lcco</subfield>
      </datafield>
      <datafield tag="100" ind1="1" ind2=" ">
         <subfield code="a">Harl, Ortolf,</subfield>
         <subfield code="d">1941-</subfield>
         <subfield code="e">author.</subfield>
      </datafield>
      <datafield tag="245" ind1="1" ind2="0">
         <subfield code="a">Hochtor und Glocknerroute :</subfield>
         <subfield code="b">ein hochalpines Passheiligtum und 2000 Jahre Kulturtransfer zwischen Mittelmeer und Mitteleuropa /</subfield>
         <subfield code="c">Ortolf Harl ; mit Beiträgen von Günther Dembski [and 10 others].</subfield>
      </datafield>
      <datafield tag="264" ind1=" " ind2="1">
         <subfield code="a">Wien :</subfield>
         <subfield code="b">Österreichisches Archäologisches Institut,</subfield>
         <subfield code="c">[2014].</subfield>
      </datafield>
      <datafield tag="264" ind1=" " ind2="4">
         <subfield code="c">©2014</subfield>
      </datafield>
      <datafield tag="300" ind1=" " ind2=" ">
         <subfield code="a">379 pages :</subfield>
         <subfield code="b">illustrations, maps, plans ;</subfield>
         <subfield code="c">31 cm.</subfield>
      </datafield>
      <datafield tag="490" ind1="1" ind2=" ">
         <subfield code="a">Sonderschriften (Österreichisches Archäologisches Institut (Vienna, Austria)),</subfield>
         <subfield code="x">1012-5728 ;</subfield>
         <subfield code="v">Bd. 50</subfield>
      </datafield>
      <datafield tag="500" ind1=" " ind2=" ">
         <subfield code="a">Summaries in German and English.</subfield>
      </datafield>
      <datafield tag="500" ind1=" " ind2=" ">
         <subfield code="a">1 Italian and 22 German contributions.</subfield>
      </datafield>
      <datafield tag="504" ind1=" " ind2=" ">
         <subfield code="a">Includes bibliographical references.</subfield>
      </datafield>
      <datafield tag="505" ind1="0" ind2="0">
         <subfield code="g">1.</subfield>
         <subfield code="t">Das Passheiligtum und seine Funde.</subfield>
         <subfield code="g">1.1.</subfield>
         <subfield code="t">Entdeckung und Erforschung /</subfield>
         <subfield code="r">Harl, Ortolf --</subfield>
         <subfield code="g">1.2.</subfield>
         <subfield code="t">Die Untersuchungen des Salzburg Museums /</subfield>
         <subfield code="r">Kastler, Raimund --</subfield>
         <subfield code="t">Nachtrag: Nachgrabung des Landesmuseums Kärnten /</subfield>
         <subfield code="r">Harl, Ortolf --</subfield>
         <subfield code="g">1.3.</subfield>
         <subfield code="t">Probleme der Auswertung /</subfield>
         <subfield code="r">Harl, Ortolf --</subfield>
         <subfield code="g">1.4.</subfield>
         <subfield code="t">Figürliche Weihegaben /</subfield>
         <subfield code="r">Gschwantler, Kurt --</subfield>
         <subfield code="g">1.5.</subfield>
         <subfield code="t">Fibeln und Ausrüstungsgegenstände /</subfield>
         <subfield code="r">Sedlmayer, Helga --</subfield>
         <subfield code="g">1.6.</subfield>
         <subfield code="t">Die Fundmünzen /</subfield>
         <subfield code="r">Dembski, Günther --</subfield>
         <subfield code="g">1.7.</subfield>
         <subfield code="t">Versuch einer Quantifizierung des Fundmaterials /</subfield>
         <subfield code="r">Harl, Ortolf --</subfield>
         <subfield code="g">1.8.</subfield>
         <subfield code="t">Poeninus und Hochtor: zwei hochalpine Passheiligtümer im Vergleich /</subfield>
         <subfield code="r">Harl, Ortolf.</subfield>
         <subfield code="g">2.</subfield>
         <subfield code="t">Die Glocknerroute von der Antike bis zur frühen Neuzeit.</subfield>
         <subfield code="g">2.1.</subfield>
         <subfield code="t">Der Verlauf der Glocknerroute zwischen Oberitalien und Böhmen /</subfield>
         <subfield code="r">Harl, Ortolf --</subfield>
         <subfield code="g">2.2.</subfield>
         <subfield code="t">Die Taurisker als Herren des Ostalpenraumes /</subfield>
         <subfield code="r">Harl, Ortolf --</subfield>
         <subfield code="g">2.3.</subfield>
         <subfield code="t">Der Ostalpenraum im 2. Jahrhundert v. Chr. : eine Chronologie der historischen Ereignisse /</subfield>
         <subfield code="r">Harl, Ortolf --</subfield>
         <subfield code="g">2.4.</subfield>
         <subfield code="t">Ortsnamen als Indikatoren jüdischen Fernhandels auf der Glocknerroute /</subfield>
         <subfield code="r">Wenninger, Markus J. --</subfield>
         <subfield code="g">2.5.</subfield>
         <subfield code="t">Der Handel über die Glocknerroute in Mittelalter und Neuzeit /</subfield>
         <subfield code="r">Rohr, Christian.</subfield>
         <subfield code="g">3.</subfield>
         <subfield code="t">Neue Aspekte zu Siedlungen an der Glocknerroute.</subfield>
         <subfield code="g">3.1.</subfield>
         <subfield code="t">Zwischen Italien und Noricum : Iulium Carnicum /</subfield>
         <subfield code="r">Harl, Ortolf --</subfield>
         <subfield code="g">3.2</subfield>
         <subfield code="t">… und Mommsen hatte doch Recht: quaerendum sit potius Aguontum ad Lienz /</subfield>
         <subfield code="r">Harl, Ortolf --</subfield>
         <subfield code="g">3.3.</subfield>
         <subfield code="t">Ab Ag(unto m.p.) : die römischen Entfernungsangaben im Drau- und Pustertal /</subfield>
         <subfield code="r">Winkler, Gerhard --</subfield>
         <subfield code="g">3.4.</subfield>
         <subfield code="t">Von der Agonthiensis civitas nach Patriarchesdorf: die fünf letzten Nennungen von Aguntum /</subfield>
         <subfield code="r">Wolfram, Herwig --</subfield>
         <subfield code="g">3.5.</subfield>
         <subfield code="t">Ad Salinas/Reichenhall: das Zentrum der Salzversiedung im Ostalpenraum /</subfield>
         <subfield code="r">Harl, Ortolf.</subfield>
      </datafield>
      <datafield tag="505" ind1="0" ind2="0">
         <subfield code="g">4.</subfield>
         <subfield code="t">Materieller und kultureller Transfer auf der Glocknerroute.</subfield>
         <subfield code="g">4.1.</subfield>
         <subfield code="t">Säumer oder Fuhrleute? Zum Warentransport im hochalpinen Noricum aus dem Blickwinkel der Fundbearbeitung /</subfield>
         <subfield code="r">Sedlmayer, Helga --</subfield>
         <subfield code="g">4.2.</subfield>
         <subfield code="t">Italische Familien zwischen Aquileia und Iuvavum /</subfield>
         <subfield code="r">Harl, Friederike --</subfield>
         <subfield code="g">4.3.</subfield>
         <subfield code="t">Zum Vordringen venetischer Gottheiten entlang der Glocknerroute /</subfield>
         <subfield code="r">Harl, Ortolf --</subfield>
         <subfield code="g">4.4.</subfield>
         <subfield code="t">Produzione di sale marino nell’alto Adriatico: le tracce più antiche /</subfield>
         <subfield code="r">Guida, Paola Càssola --</subfield>
         <subfield code="g">4.5</subfield>
         <subfield code="t">Vegetationsgeschichtliche Untersuchungen zum prähistorischen Wegeverlauf in den Alpen /</subfield>
         <subfield code="r">Oeggl, Klaus --</subfield>
         <subfield code="t">Zusammenfassung /</subfield>
         <subfield code="r">Harl, Ortolf --</subfield>
         <subfield code="t">Summary /</subfield>
         <subfield code="r">Harl, Ortolf --</subfield>
         <subfield code="r">Cormack, Sarah.</subfield>
      </datafield>
      <datafield tag="650" ind1=" " ind2="0">
         <subfield code="a">Excavations (Archaeology)</subfield>
         <subfield code="z">Austria</subfield>
         <subfield code="z">Ennstal Alps.</subfield>
      </datafield>
      <datafield tag="650" ind1=" " ind2="0">
         <subfield code="a">Excavations (Archaeology)</subfield>
         <subfield code="z">Austria</subfield>
         <subfield code="z">Grossglockner-Hochalpenstrasse.</subfield>
      </datafield>
      <datafield tag="650" ind1=" " ind2="0">
         <subfield code="a">Excavations (Archaeology)</subfield>
         <subfield code="z">Austria</subfield>
         <subfield code="z">Hochtor.</subfield>
      </datafield>
      <datafield tag="650" ind1=" " ind2="0">
         <subfield code="a">Mountain passes</subfield>
         <subfield code="z">Austria</subfield>
         <subfield code="x">History.</subfield>
      </datafield>
      <datafield tag="651" ind1=" " ind2="0">
         <subfield code="a">Ennstal Alps (Austria)</subfield>
         <subfield code="x">Antiquities.</subfield>
      </datafield>
      <datafield tag="651" ind1=" " ind2="0">
         <subfield code="a">Hochtor (Austria)</subfield>
         <subfield code="x">Antiquities.</subfield>
      </datafield>
      <datafield tag="651" ind1=" " ind2="0">
         <subfield code="a">Grossglockner-Hochalpenstrasse (Austria)</subfield>
         <subfield code="x">Antiquities.</subfield>
      </datafield>
      <datafield tag="700" ind1="1" ind2=" ">
         <subfield code="a">Dembski, Günther</subfield>
         <subfield code="e">contributor.</subfield>
      </datafield>
      <datafield tag="710" ind1="2" ind2=" ">
         <subfield code="a">Österreichisches Archäologisches Institut (Vienna, Austria)</subfield>
         <subfield code="e">issuing body.</subfield>
      </datafield>
      <datafield tag="830" ind1=" " ind2="0">
         <subfield code="a">Sonderschriften (Österreichisches Archäologisches Institut (Vienna, Austria)) ;</subfield>
         <subfield code="v">Bd. 50.</subfield>
      </datafield>
      <datafield tag="994" ind1=" " ind2=" ">
         <subfield code="a">Z0</subfield>
         <subfield code="b">ZYU</subfield>
      </datafield>
      <datafield tag="OWN" ind1=" " ind2=" ">
         <subfield code="a">GENERAL</subfield>
      </datafield>
      <datafield tag="AVA" ind1=" " ind2=" ">
         <subfield code="a">NYU50</subfield>
         <subfield code="b">NISAW</subfield>
         <subfield code="c">Large Collection</subfield>
         <subfield code="d">DB690 .H37 2014</subfield>
         <subfield code="e">available</subfield>
         <subfield code="t">Available</subfield>
         <subfield code="f">1</subfield>
         <subfield code="g">0</subfield>
         <subfield code="h">N</subfield>
         <subfield code="i">0</subfield>
         <subfield code="j">LARGE</subfield>
         <subfield code="k">0</subfield>
      </datafield>
      <marc:datafield tag="852" ind1=" " ind2=" ">
         <marc:subfield code="b">Institute for the Study of the Ancient World, </marc:subfield>
         <marc:subfield code="c">Large Collection</marc:subfield>
         <marc:subfield code="e">15 East 84th St., </marc:subfield>
         <marc:subfield code="e">New York, NY  10028</marc:subfield>
      </marc:datafield>
   </record>