
  
  
  
  
 
  
  <record xsi:schemaLocation="http://www.loc.gov/MARC21/slim http://www.loc.gov/standards/marcxml/schema/MARC21slim.xsd">
      <leader>00000cam  2200481 i 4500</leader>
      <controlfield tag="FMT">BK</controlfield>
      <controlfield tag="LDR">00000cam  2200481 i 4500</controlfield>
      <controlfield tag="001">004044851</controlfield>
      <controlfield tag="003">OCoLC</controlfield>
      <controlfield tag="005">20141013094958.0</controlfield>
      <controlfield tag="008">141013s2013    be a     b    000 0 fre d</controlfield>
      <datafield tag="020" ind1=" " ind2=" ">
         <subfield code="a">9782503549293</subfield>
      </datafield>
      <datafield tag="020" ind1=" " ind2=" ">
         <subfield code="a">2503549292</subfield>
      </datafield>
      <datafield tag="035" ind1=" " ind2=" ">
         <subfield code="a">(OCoLC)858804729</subfield>
         <subfield code="z">(OCoLC)854944159</subfield>
         <subfield code="z">(OCoLC)855583601</subfield>
      </datafield>
      <datafield tag="040" ind1=" " ind2=" ">
         <subfield code="a">ERASA</subfield>
         <subfield code="b">eng</subfield>
         <subfield code="e">rda</subfield>
         <subfield code="c">ERASA</subfield>
         <subfield code="d">OCLCQ</subfield>
         <subfield code="d">CDX</subfield>
         <subfield code="d">YDXCP</subfield>
         <subfield code="d">BTCTA</subfield>
         <subfield code="d">NDD</subfield>
         <subfield code="d">DEBSZ</subfield>
         <subfield code="d">BOS</subfield>
         <subfield code="d">NNU</subfield>
      </datafield>
      <datafield tag="050" ind1=" " ind2="4">
         <subfield code="a">BL325.H4</subfield>
         <subfield code="b">D48 2013</subfield>
      </datafield>
      <datafield tag="082" ind1="0" ind2="4">
         <subfield code="a">270</subfield>
      </datafield>
      <datafield tag="245" ind1="0" ind2="0">
         <subfield code="a">Deus medicus :</subfield>
         <subfield code="b">actes du Colloque organisé à Louvain-la-Neuve les 15 et 16 juin 2012 par le Centre d'Histoire des Religions Cardinal Julien Ries /</subfield>
         <subfield code="c">édités par René Lebrun et Agnès Degrève.</subfield>
      </datafield>
      <datafield tag="264" ind1=" " ind2="1">
         <subfield code="a">Turnhout, Belgium :</subfield>
         <subfield code="b">Brepols,</subfield>
         <subfield code="c">[2013].</subfield>
      </datafield>
      <datafield tag="264" ind1=" " ind2="4">
         <subfield code="a">©2013</subfield>
      </datafield>
      <datafield tag="300" ind1=" " ind2=" ">
         <subfield code="a">329 pages :</subfield>
         <subfield code="b">illustrations ;</subfield>
         <subfield code="c">24 cm.</subfield>
      </datafield>
      <datafield tag="336" ind1=" " ind2=" ">
         <subfield code="a">text</subfield>
         <subfield code="2">rdacontent</subfield>
      </datafield>
      <datafield tag="337" ind1=" " ind2=" ">
         <subfield code="a">unmediated</subfield>
         <subfield code="2">rdamedia</subfield>
      </datafield>
      <datafield tag="338" ind1=" " ind2=" ">
         <subfield code="a">volume</subfield>
         <subfield code="2">rdacarrier</subfield>
      </datafield>
      <datafield tag="490" ind1="1" ind2=" ">
         <subfield code="a">Homo religiosus. Série II ;</subfield>
         <subfield code="v">12</subfield>
      </datafield>
      <datafield tag="505" ind1="0" ind2="0">
         <subfield code="t">Avant-propos /</subfield>
         <subfield code="r">Lebrun, René --</subfield>
         <subfield code="t">La mosaïque de l'eucharistie au monastère Mar Gabriel de Quartamin (Tur Abdin) /</subfield>
         <subfield code="r">Bru, Hadrien --</subfield>
         <subfield code="t">Des dieux aux saints guérisseurs dans l'Égypte pharaonique et copte --</subfield>
         <subfield code="r">Cannuyer, Christian --</subfield>
         <subfield code="t">Divinités et cultes guérisseurs en Étrurie /</subfield>
         <subfield code="r">Cavalieri, Marco --</subfield>
         <subfield code="r">Barbagli, Debora --</subfield>
         <subfield code="t">Faveurs et protections divines en Tabal à l'âge du Fer /</subfield>
         <subfield code="r">Demanuelli, Matthieu --</subfield>
         <subfield code="t">Santa, Runta, et Kubaba : divinités guérisseuses, protectrices des marins /</subfield>
         <subfield code="r">Vos, Julien de --</subfield>
         <subfield code="t">L'Amphiaraon d'Oropos /</subfield>
         <subfield code="r">Doyen, Charles --</subfield>
         <subfield code="t">Le serpent d'airain : Yhwh une divinité guérisseuse? /</subfield>
         <subfield code="r">Gangloff, Frédéric --</subfield>
         <subfield code="t">La fontaine du sanctuaire de Zeus Asbama (Tyane) /</subfield>
         <subfield code="r">Lebreton, Stéphane --</subfield>
         <subfield code="t">Réflexions sur l'origine du dieu Asclèpios /</subfield>
         <subfield code="r">Lebrun, René --</subfield>
         <subfield code="t">Justice divine, dieux guérisseurs, exorcismes et médecine : notes sur la gestion de la maladie en Mésopotamie ancienne /</subfield>
         <subfield code="r">Masetti-Rouault, Maria-Grazia --</subfield>
         <subfield code="t">Qu'est-ce qu'un dieu guérisseur? Réflexions à propos des aspects guérisseurs du dieu anatolien Mèn /</subfield>
         <subfield code="r">Piguet, Emilie --</subfield>
         <subfield code="t">L'oracle sarpédonien dans la Vie et les Miracles de Sainte Thècle /</subfield>
         <subfield code="r">Raimond, Eric --</subfield>
         <subfield code="t">Le crocus et la déesse dans le monde cyclado-minoen /</subfield>
         <subfield code="r">Vanschoonwinkel, Jacques.</subfield>
      </datafield>
      <datafield tag="520" ind1="8" ind2=" ">
         <subfield code="a">Dans le présent volume le lecteur prendra connaissance des contributions importantes de spécialistes belges et français présentées à l'occasion d'un colloque organisé à l'Université catholique de Louvain les 15 et 16 juin 2012 par le Centre d'Histoire des Religions Cardinal Julien Ries; le thème se focalisait sur les dieux guérisseurs dans l'antiquité méditerranéenne. Une mise au point s'avérait nécessaire en raison des découvertes récentes. L'action de divinités bienfaisantes, de leurs lieux de culte et de leur impact sociologique est analysée, parfois dans une solution de continuité depuis l'antiquité lointaine jusqu'au début de l'ère chrétienne. Les régions concernées sont la Mésopotamie, l'Egypte, l'Anatolie, le monde minoen, hellénique, biblique et paléo-chrétien.</subfield>
      </datafield>
      <datafield tag="650" ind1=" " ind2="0">
         <subfield code="a">Healing gods</subfield>
         <subfield code="v">Congresses.</subfield>
      </datafield>
      <datafield tag="650" ind1=" " ind2="0">
         <subfield code="a">Healing</subfield>
         <subfield code="z">Mediterranean Region</subfield>
         <subfield code="x">Religious aspects</subfield>
         <subfield code="v">Congresses.</subfield>
      </datafield>
      <datafield tag="650" ind1=" " ind2="0">
         <subfield code="a">Medicine, Ancient</subfield>
         <subfield code="v">Congresses.</subfield>
      </datafield>
      <datafield tag="700" ind1="1" ind2=" ">
         <subfield code="a">Lebrun, René</subfield>
         <subfield code="e">editor.</subfield>
      </datafield>
      <datafield tag="700" ind1="1" ind2=" ">
         <subfield code="a">Degrève, Agnès,</subfield>
         <subfield code="e">editor.</subfield>
      </datafield>
      <datafield tag="830" ind1=" " ind2="0">
         <subfield code="a">Homo religiosus.</subfield>
         <subfield code="n">Série II ;</subfield>
         <subfield code="v">12.</subfield>
      </datafield>
      <datafield tag="994" ind1=" " ind2=" ">
         <subfield code="a">Z0</subfield>
         <subfield code="b">ZYU</subfield>
      </datafield>
      <datafield tag="OWN" ind1=" " ind2=" ">
         <subfield code="a">GENERAL</subfield>
      </datafield>
      <datafield tag="AVA" ind1=" " ind2=" ">
         <subfield code="a">NYU50</subfield>
         <subfield code="b">NISAW</subfield>
         <subfield code="c">Small Collection</subfield>
         <subfield code="d">BL325.H4 D48 2013</subfield>
         <subfield code="e">available</subfield>
         <subfield code="t">Available</subfield>
         <subfield code="f">1</subfield>
         <subfield code="g">0</subfield>
         <subfield code="h">N</subfield>
         <subfield code="i">0</subfield>
         <subfield code="j">SMALL</subfield>
         <subfield code="k">0</subfield>
      </datafield>
      <marc:datafield tag="852" ind1=" " ind2=" ">
         <marc:subfield code="b">Institute for the Study of the Ancient World, </marc:subfield>
         <marc:subfield code="c">Small Collection</marc:subfield>
         <marc:subfield code="e">15 East 84th St., </marc:subfield>
         <marc:subfield code="e">New York, NY  10028</marc:subfield>
      </marc:datafield>
   </record>