
  
  
  
  
  
 
  
  <record xsi:schemaLocation="http://www.loc.gov/MARC21/slim http://www.loc.gov/standards/marcxml/schema/MARC21slim.xsd">
      <leader>00000cam  2200469 i 4500</leader>
      <controlfield tag="FMT">BK</controlfield>
      <controlfield tag="LDR">00000cam  2200469 i 4500</controlfield>
      <controlfield tag="001">004040131</controlfield>
      <controlfield tag="003">OCoLC</controlfield>
      <controlfield tag="005">20141120144506.0</controlfield>
      <controlfield tag="008">140620s2014    nyuab    bc   001 0 eng d</controlfield>
      <datafield tag="020" ind1=" " ind2=" ">
         <subfield code="a">9781588395382 (The Metropolitan Museum of Art)</subfield>
      </datafield>
      <datafield tag="020" ind1=" " ind2=" ">
         <subfield code="a">1588395383 (The Metropolitan Museum of Art)</subfield>
      </datafield>
      <datafield tag="020" ind1=" " ind2=" ">
         <subfield code="a">9780300208085 (Yale University Press)</subfield>
      </datafield>
      <datafield tag="020" ind1=" " ind2=" ">
         <subfield code="a">0300208081 (Yale University Press)</subfield>
      </datafield>
      <datafield tag="035" ind1="7" ind2=" ">
         <subfield code="a">ybp10930709</subfield>
      </datafield>
      <datafield tag="035" ind1=" " ind2=" ">
         <subfield code="a">(OCoLC)881612507</subfield>
      </datafield>
      <datafield tag="040" ind1=" " ind2=" ">
         <subfield code="a">ERASA</subfield>
         <subfield code="b">eng</subfield>
         <subfield code="e">rda</subfield>
         <subfield code="c">ERASA</subfield>
         <subfield code="d">MZA</subfield>
         <subfield code="d">OCLCO</subfield>
         <subfield code="d">YDXCP</subfield>
         <subfield code="d">ZLM</subfield>
         <subfield code="d">NNU</subfield>
      </datafield>
      <datafield tag="050" ind1=" " ind2="4">
         <subfield code="a">N5335.N4</subfield>
         <subfield code="b">M487 2014</subfield>
      </datafield>
      <datafield tag="082" ind1="0" ind2="4">
         <subfield code="a">930.1</subfield>
      </datafield>
      <datafield tag="245" ind1="0" ind2="0">
         <subfield code="a">Assyria to Iberia :</subfield>
         <subfield code="b">at the dawn of the Classical Age /</subfield>
         <subfield code="c">edited by Joan Aruz, Sarah B. Graff, and Yelena Rakic.</subfield>
      </datafield>
      <datafield tag="264" ind1=" " ind2="1">
         <subfield code="a">New York :</subfield>
         <subfield code="b">The Metropolitan Museum of Art,</subfield>
         <subfield code="c">[2014].</subfield>
      </datafield>
      <datafield tag="264" ind1=" " ind2="2">
         <subfield code="a">New Haven :</subfield>
         <subfield code="b">Distributed by Yale University Press,</subfield>
         <subfield code="c">[2014].</subfield>
      </datafield>
      <datafield tag="264" ind1=" " ind2="4">
         <subfield code="c">©2014.</subfield>
      </datafield>
      <datafield tag="300" ind1=" " ind2=" ">
         <subfield code="a">xvii, 421 pages :</subfield>
         <subfield code="b">color illustrations, maps ;</subfield>
         <subfield code="c">32 cm.</subfield>
      </datafield>
      <datafield tag="336" ind1=" " ind2=" ">
         <subfield code="a">text</subfield>
         <subfield code="b">txt</subfield>
         <subfield code="2">rdacontent</subfield>
      </datafield>
      <datafield tag="336" ind1=" " ind2=" ">
         <subfield code="a">still image</subfield>
         <subfield code="b">sti</subfield>
         <subfield code="2">rdacontent</subfield>
      </datafield>
      <datafield tag="337" ind1=" " ind2=" ">
         <subfield code="a">unmediated</subfield>
         <subfield code="b">n</subfield>
         <subfield code="2">rdamedia</subfield>
      </datafield>
      <datafield tag="338" ind1=" " ind2=" ">
         <subfield code="a">volume</subfield>
         <subfield code="b">nc</subfield>
         <subfield code="2">rdacarrier</subfield>
      </datafield>
      <datafield tag="504" ind1=" " ind2=" ">
         <subfield code="a">Includes bibliographical references (pages 376-411) and index.</subfield>
      </datafield>
      <datafield tag="500" ind1=" " ind2=" ">
         <subfield code="a">Catalog of an exhibition held at The Metropolitan Museum of Art, New York, September 22, 2014 - January 4, 2015.</subfield>
      </datafield>
      <datafield tag="505" ind1="0" ind2="0">
         <subfield code="g">Part I.</subfield>
         <subfield code="t">The Age of Transition.</subfield>
         <subfield code="t">Crisis in the eastern Mediterranean and beyond : survival, revival, and the emergence of the Iron Age /</subfield>
         <subfield code="r">Carter, Elizabeth --</subfield>
         <subfield code="r">Morris, Sarah --</subfield>
         <subfield code="t">Homer and the legacy of the age of heroes /</subfield>
         <subfield code="r">Boardman, John --</subfield>
         <subfield code="t">Lefkandi and the era of transition /</subfield>
         <subfield code="r">Kosma, Maria --</subfield>
         <subfield code="t">Sea peoples and Philistines /</subfield>
         <subfield code="r">Tubb, Jonathan N. --</subfield>
         <subfield code="t">The cuneiform scribal tradition and the development of the alphabet /</subfield>
         <subfield code="r">André-Salvini, Béatrice.</subfield>
         <subfield code="g">Part II.</subfield>
         <subfield code="t">The Assyrian Imperial Age.</subfield>
         <subfield code="t">Assyria : establishing the imagery of empire /</subfield>
         <subfield code="r">Curtis, John --</subfield>
         <subfield code="t">The black obelisk /</subfield>
         <subfield code="r">Reade, Julian --</subfield>
         <subfield code="t">Ashurbanipal's library at Nineveh /</subfield>
         <subfield code="r">Finkel, Irving --</subfield>
         <subfield code="t">Assyria's eastern frontier /</subfield>
         <subfield code="r">Potts, Daniel T. --</subfield>
         <subfield code="t">Elam /</subfield>
         <subfield code="r">Carter, Elizabeth --</subfield>
         <subfield code="t">The myth of Arrat and the fortresses of Urartu /</subfield>
         <subfield code="r">André-Salvini, Béatrice --</subfield>
         <subfield code="r">Salvini, Mirjo --</subfield>
         <subfield code="t">Syro-Hittite states : the site of Tell Halaf (ancient Guzana) /</subfield>
         <subfield code="r">Cholidis, Nadja --</subfield>
         <subfield code="t">Kingdoms of Midas and Croesus : western Anatolian states and sanctuaries /</subfield>
         <subfield code="r">Graff, Sarah B.</subfield>
         <subfield code="g">Part III.</subfield>
         <subfield code="t">Assyria to Iberia : Conquest and Commerce.</subfield>
         <subfield code="t">Art and networks of interaction across the Mediterranean /</subfield>
         <subfield code="r">Aruz, Joan --</subfield>
         <subfield code="t">The gold of Nimrud /</subfield>
         <subfield code="r">Hussein, Muzahim Mahmoud --</subfield>
         <subfield code="r">Benzel, Kim --</subfield>
         <subfield code="t">Phoenicians and Aramaeans /</subfield>
         <subfield code="r">Tubb, Jonathan N. --</subfield>
         <subfield code="t">Nimrud ivories /</subfield>
         <subfield code="r">Aruz, Joan --</subfield>
         <subfield code="r">Lapérouse, Jean-François de --</subfield>
         <subfield code="t">Ivories of Arslan Tash /</subfield>
         <subfield code="r">Fontan, Elisabeth --</subfield>
         <subfield code="t">Metalwork /</subfield>
         <subfield code="r">Feldman, Marian H. --</subfield>
         <subfield code="t">Tridacna shell /</subfield>
         <subfield code="r">Caubet, Annie --</subfield>
         <subfield code="t">Phoenician and east Mediterranean glass /</subfield>
         <subfield code="r">Caubet, Annie --</subfield>
         <subfield code="t">The lands of the Bible /</subfield>
         <subfield code="r">Mazar, Amihai --</subfield>
         <subfield code="t">Cyprus in the early Iron Age /</subfield>
         <subfield code="r">Pilides, Despina --</subfield>
         <subfield code="t">The "royal" tombs of Salamis on Cyprus /</subfield>
         <subfield code="r">Karageorghis, Vassos --</subfield>
         <subfield code="t">Jewelry from a tomb at Kition /</subfield>
         <subfield code="r">Hadjisavvas, Sophocles --</subfield>
         <subfield code="t">Egypt in the neo-Assyrian period /</subfield>
         <subfield code="r">Hill, Marsha --</subfield>
         <subfield code="t">From Carthage to the western Mediterranean /</subfield>
         <subfield code="r">Aubet, María Eugenia --</subfield>
         <subfield code="t">Carthaginian jewelry /</subfield>
         <subfield code="r">Quillard, Brigitte --</subfield>
      </datafield>
      <datafield tag="505" ind1="0" ind2="0">
         <subfield code="t">The Phoenicians in Sardinia /</subfield>
         <subfield code="r">Garbati, Giuseppe --</subfield>
         <subfield code="t">Phoenician metal production in Tartessos /</subfield>
         <subfield code="r">Montilla, Concepción San Martín --</subfield>
         <subfield code="t">Phoenician and orientalizing "ivories" in the Iberian peninsula /</subfield>
         <subfield code="r">Sanz, Pablo Quesada --</subfield>
         <subfield code="t">The Bajo de la Campana shipwreck and colonial trade in Phoenician Spain /</subfield>
         <subfield code="r">Polzer, Mark E. --</subfield>
         <subfield code="t">The Phoenician ships of Mazarrón /</subfield>
         <subfield code="r">Martínez, Iván Negueruela.</subfield>
         <subfield code="g">Part IV.</subfield>
         <subfield code="t">The orientalizing era : imports and inspiration.</subfield>
         <subfield code="t">Beyond "orientalizing" : encounters among cultures in the eastern Mediterranean /</subfield>
         <subfield code="r">Gunter, Ann C. --</subfield>
         <subfield code="t">The worlds of Odysseus /</subfield>
         <subfield code="r">Burkert, Walter --</subfield>
         <subfield code="t">Near Eastern imagery in Greek context : geometric and orientalizing pottery /</subfield>
         <subfield code="r">Gadolou, Anastasia --</subfield>
         <subfield code="t">Demons, monsters, and magic /</subfield>
         <subfield code="r">Graff, Sarah B. --</subfield>
         <subfield code="t">Cauldrons /</subfield>
         <subfield code="r">Aruz, Joan --</subfield>
         <subfield code="r">Lapérouse, Jean-François de --</subfield>
         <subfield code="t">Near Eastern imports and imagery on Crete druing the early Iron Age /</subfield>
         <subfield code="r">Stampolidis, Nicholas Chr. --</subfield>
         <subfield code="t">The Heraion at Samos /</subfield>
         <subfield code="r">Niemeier, Wolf-Dietrich --</subfield>
         <subfield code="t">Levantine and orientalizing luxury goods from Etruscan tombs /</subfield>
         <subfield code="r">Sannibale, Maurizio.</subfield>
         <subfield code="g">Part V.</subfield>
         <subfield code="t">The conquest of Assyria and the rise of the Babylonian Empire.</subfield>
         <subfield code="t">From Nineveh to Babylon : the transition from the Neo-Assyrian to the Neo-Babylonian Empire /</subfield>
         <subfield code="r">Mieroop, Marc van de --</subfield>
         <subfield code="t">Gods and their images in the Bible and Babylonia /</subfield>
         <subfield code="r">Spar, Ira.</subfield>
         <subfield code="g">Part VI.</subfield>
         <subfield code="t">Legacy of the age of the great empires.</subfield>
         <subfield code="t">The Assyro-Babylonian age in Western artistic and literary tradition /</subfield>
         <subfield code="r">Seymour, Michael.</subfield>
      </datafield>
      <datafield tag="650" ind1=" " ind2="0">
         <subfield code="a">Art, Ancient</subfield>
         <subfield code="v">Exhibitions.</subfield>
      </datafield>
      <datafield tag="650" ind1=" " ind2="0">
         <subfield code="a">Civilization, Ancient</subfield>
         <subfield code="v">Exhibitions.</subfield>
      </datafield>
      <datafield tag="651" ind1=" " ind2="0">
         <subfield code="a">Middle East</subfield>
         <subfield code="x">Antiquities</subfield>
         <subfield code="v">Exhibitions.</subfield>
      </datafield>
      <datafield tag="651" ind1=" " ind2="0">
         <subfield code="a">Mediterranean Region</subfield>
         <subfield code="x">Antiquities</subfield>
         <subfield code="v">Exhibitions.</subfield>
      </datafield>
      <datafield tag="700" ind1="1" ind2=" ">
         <subfield code="a">Aruz, Joan</subfield>
         <subfield code="e">editor.</subfield>
      </datafield>
      <datafield tag="700" ind1="1" ind2=" ">
         <subfield code="a">Graff, Sarah B.,</subfield>
         <subfield code="e">editor.</subfield>
      </datafield>
      <datafield tag="700" ind1="1" ind2=" ">
         <subfield code="a">Rakic, Yelena,</subfield>
         <subfield code="e">editor.</subfield>
      </datafield>
      <datafield tag="710" ind1="2" ind2=" ">
         <subfield code="a">Metropolitan Museum of Art (New York, N.Y.)</subfield>
      </datafield>
      <datafield tag="OWN" ind1=" " ind2=" ">
         <subfield code="a">GENERAL</subfield>
      </datafield>
      <datafield tag="AVA" ind1=" " ind2=" ">
         <subfield code="a">NYU50</subfield>
         <subfield code="b">BOBST</subfield>
         <subfield code="c">Main Collection</subfield>
         <subfield code="d">N5335.N4 M487 2014</subfield>
         <subfield code="e">unavailable</subfield>
         <subfield code="t">Unavailable</subfield>
         <subfield code="f">1</subfield>
         <subfield code="g">1</subfield>
         <subfield code="h">N</subfield>
         <subfield code="i">0</subfield>
         <subfield code="j">MAIN</subfield>
         <subfield code="k">0</subfield>
      </datafield>
      <datafield tag="AVA" ind1=" " ind2=" ">
         <subfield code="a">NYU50</subfield>
         <subfield code="b">CU</subfield>
         <subfield code="c">Main Collection</subfield>
         <subfield code="d">N5335.N4 M487 2014</subfield>
         <subfield code="e">available</subfield>
         <subfield code="t">Available</subfield>
         <subfield code="f">1</subfield>
         <subfield code="g">0</subfield>
         <subfield code="h">N</subfield>
         <subfield code="i">0</subfield>
         <subfield code="j">MAIN</subfield>
         <subfield code="k">0</subfield>
      </datafield>
      <datafield tag="AVA" ind1=" " ind2=" ">
         <subfield code="a">NYU50</subfield>
         <subfield code="b">NIFA</subfield>
         <subfield code="c">Main Collection</subfield>
         <subfield code="d">N5335.N4 M487 2014 Non-circulating</subfield>
         <subfield code="e">available</subfield>
         <subfield code="t">Available</subfield>
         <subfield code="f">1</subfield>
         <subfield code="g">0</subfield>
         <subfield code="h">N</subfield>
         <subfield code="i">0</subfield>
         <subfield code="j">MAIN</subfield>
         <subfield code="k">0</subfield>
      </datafield>
      <datafield tag="AVA" ind1=" " ind2=" ">
         <subfield code="a">NYU50</subfield>
         <subfield code="b">NISAW</subfield>
         <subfield code="c">Large Collection</subfield>
         <subfield code="d">N5335.N4 M487 2014</subfield>
         <subfield code="e">available</subfield>
         <subfield code="t">Available</subfield>
         <subfield code="f">1</subfield>
         <subfield code="g">0</subfield>
         <subfield code="h">N</subfield>
         <subfield code="i">0</subfield>
         <subfield code="j">LARGE</subfield>
         <subfield code="k">0</subfield>
      </datafield>
      <marc:datafield tag="852" ind1=" " ind2=" ">
         <marc:subfield code="b">Institute for the Study of the Ancient World, </marc:subfield>
         <marc:subfield code="c">Large Collection</marc:subfield>
         <marc:subfield code="e">15 East 84th St., </marc:subfield>
         <marc:subfield code="e">New York, NY  10028</marc:subfield>
      </marc:datafield>
      <datafield tag="AVA" ind1=" " ind2=" ">
         <subfield code="a">NYU50</subfield>
         <subfield code="b">TNSGI</subfield>
         <subfield code="c">Main Collection</subfield>
         <subfield code="d">N5335.N4 M487 2014</subfield>
         <subfield code="e">available</subfield>
         <subfield code="t">Available</subfield>
         <subfield code="f">1</subfield>
         <subfield code="g">0</subfield>
         <subfield code="h">N</subfield>
         <subfield code="i">1</subfield>
         <subfield code="j">MAIN</subfield>
         <subfield code="k">0</subfield>
      </datafield>
   </record>