
  
  
  
  
  
  
 
  
  <record xsi:schemaLocation="http://www.loc.gov/MARC21/slim http://www.loc.gov/standards/marcxml/schema/MARC21slim.xsd">
      <leader>00000cam  2200313 a 4500</leader>
      <controlfield tag="FMT">BK</controlfield>
      <controlfield tag="LDR">00000cam  2200313 a 4500</controlfield>
      <controlfield tag="001">004045812</controlfield>
      <controlfield tag="003">OCoLC</controlfield>
      <controlfield tag="005">20141015115535.0</controlfield>
      <controlfield tag="008">141015s2014    gw af    bm   000 0 ger d</controlfield>
      <datafield tag="016" ind1="7" ind2=" ">
         <subfield code="a">1054393532</subfield>
         <subfield code="2">GyFmDB</subfield>
      </datafield>
      <datafield tag="016" ind1="7" ind2=" ">
         <subfield code="a">016824858</subfield>
         <subfield code="2">Uk</subfield>
      </datafield>
      <datafield tag="020" ind1=" " ind2=" ">
         <subfield code="a">9783895008436 (hd.bd.)</subfield>
      </datafield>
      <datafield tag="020" ind1=" " ind2=" ">
         <subfield code="a">3895008435 (hd.bd.)</subfield>
      </datafield>
      <datafield tag="035" ind1=" " ind2=" ">
         <subfield code="a">(OCoLC)890127302</subfield>
      </datafield>
      <datafield tag="040" ind1=" " ind2=" ">
         <subfield code="a">OHX</subfield>
         <subfield code="b">eng</subfield>
         <subfield code="c">OHX</subfield>
         <subfield code="d">OCLCO</subfield>
         <subfield code="d">UKMGB</subfield>
         <subfield code="d">NNU</subfield>
      </datafield>
      <datafield tag="043" ind1=" " ind2=" ">
         <subfield code="a">e------</subfield>
      </datafield>
      <datafield tag="050" ind1=" " ind2="4">
         <subfield code="a">NB1296.3</subfield>
         <subfield code="b">.K68 2014</subfield>
      </datafield>
      <datafield tag="072" ind1=" " ind2="7">
         <subfield code="a">N</subfield>
         <subfield code="2">lcco</subfield>
      </datafield>
      <datafield tag="100" ind1="1" ind2=" ">
         <subfield code="a">Kovacs, Martin.</subfield>
      </datafield>
      <datafield tag="245" ind1="1" ind2="0">
         <subfield code="a">Kaiser, Senatoren und Gelehrte :</subfield>
         <subfield code="b">Untersuchungen zum spätantiken männlichen Privatporträt /</subfield>
         <subfield code="c">Martin Kovacs.</subfield>
      </datafield>
      <datafield tag="260" ind1=" " ind2=" ">
         <subfield code="a">Wiesbaden :</subfield>
         <subfield code="b">Reichert,</subfield>
         <subfield code="c">2014.</subfield>
      </datafield>
      <datafield tag="300" ind1=" " ind2=" ">
         <subfield code="a">304 p., [1], 150 p. of plates :</subfield>
         <subfield code="b">ill. ;</subfield>
         <subfield code="c">33 cm.</subfield>
      </datafield>
      <datafield tag="490" ind1="1" ind2=" ">
         <subfield code="a">Spätantike, frühes Christentum, Byzanz. Reihe B, Studien und Perspektiven ;</subfield>
         <subfield code="v">Bd. 40</subfield>
      </datafield>
      <datafield tag="502" ind1=" " ind2=" ">
         <subfield code="a">Thesis (doctoral) - Georg-August-Universität, Göttingen, 2010.</subfield>
      </datafield>
      <datafield tag="504" ind1=" " ind2=" ">
         <subfield code="a">Includes bibliographical references.</subfield>
      </datafield>
      <datafield tag="650" ind1=" " ind2="0">
         <subfield code="a">Portrait sculpture, Roman.</subfield>
      </datafield>
      <datafield tag="830" ind1=" " ind2="0">
         <subfield code="a">Spätantike, frühes Christentum, Byzanz.</subfield>
         <subfield code="n">Reihe B,</subfield>
         <subfield code="p">Studien und Perspektiven ;</subfield>
         <subfield code="v">Bd. 40.</subfield>
      </datafield>
      <datafield tag="994" ind1=" " ind2=" ">
         <subfield code="a">Z0</subfield>
         <subfield code="b">ZYU</subfield>
      </datafield>
      <datafield tag="OWN" ind1=" " ind2=" ">
         <subfield code="a">GENERAL</subfield>
      </datafield>
      <datafield tag="AVA" ind1=" " ind2=" ">
         <subfield code="a">NYU50</subfield>
         <subfield code="b">NISAW</subfield>
         <subfield code="c">Large Collection</subfield>
         <subfield code="d">NB1296.3 .K68 2014</subfield>
         <subfield code="e">available</subfield>
         <subfield code="t">Available</subfield>
         <subfield code="f">1</subfield>
         <subfield code="g">0</subfield>
         <subfield code="h">N</subfield>
         <subfield code="i">0</subfield>
         <subfield code="j">LARGE</subfield>
         <subfield code="k">0</subfield>
      </datafield>
      <marc:datafield tag="852" ind1=" " ind2=" ">
         <marc:subfield code="b">Institute for the Study of the Ancient World, </marc:subfield>
         <marc:subfield code="c">Large Collection</marc:subfield>
         <marc:subfield code="e">15 East 84th St., </marc:subfield>
         <marc:subfield code="e">New York, NY  10028</marc:subfield>
      </marc:datafield>
   </record>