
  
  
  
  
  
 
  
  <record xsi:schemaLocation="http://www.loc.gov/MARC21/slim http://www.loc.gov/standards/marcxml/schema/MARC21slim.xsd">
      <leader>00000cam  2200445 i 4500</leader>
      <controlfield tag="FMT">BK</controlfield>
      <controlfield tag="LDR">00000cam  2200445 i 4500</controlfield>
      <controlfield tag="001">004046343</controlfield>
      <controlfield tag="003">OCoLC</controlfield>
      <controlfield tag="005">20141016153230.0</controlfield>
      <controlfield tag="008">141016s2012    gw ab    b    100 0 ger d</controlfield>
      <datafield tag="020" ind1=" " ind2=" ">
         <subfield code="a">9783941171817</subfield>
      </datafield>
      <datafield tag="020" ind1=" " ind2=" ">
         <subfield code="a">394117181X</subfield>
      </datafield>
      <datafield tag="035" ind1=" " ind2=" ">
         <subfield code="a">(OCoLC)861743855</subfield>
      </datafield>
      <datafield tag="040" ind1=" " ind2=" ">
         <subfield code="a">CGU</subfield>
         <subfield code="b">eng</subfield>
         <subfield code="e">rda</subfield>
         <subfield code="c">CGU</subfield>
         <subfield code="d">OCLCA</subfield>
         <subfield code="d">NYP</subfield>
         <subfield code="d">OCLCF</subfield>
         <subfield code="d">NNU</subfield>
      </datafield>
      <datafield tag="041" ind1="0" ind2=" ">
         <subfield code="a">ger</subfield>
         <subfield code="a">eng</subfield>
         <subfield code="a">rus</subfield>
      </datafield>
      <datafield tag="043" ind1=" " ind2=" ">
         <subfield code="a">e-urk--</subfield>
      </datafield>
      <datafield tag="050" ind1=" " ind2="4">
         <subfield code="a">DK511.T65</subfield>
         <subfield code="b">A988 2012</subfield>
      </datafield>
      <datafield tag="245" ind1="0" ind2="0">
         <subfield code="a">Austausch und Kulturkontakt im Südkaukasus und seinen angrenzenden Regionen in der Spätbronze-/Früheisenzeit /</subfield>
         <subfield code="c">herausgegeben von Andreas Mehnert, Gundula Mehnert, Sabine Reinhold.</subfield>
      </datafield>
      <datafield tag="264" ind1=" " ind2="1">
         <subfield code="a">Langenweissbach :</subfield>
         <subfield code="b">Beier &amp; Beran,</subfield>
         <subfield code="c">2012.</subfield>
      </datafield>
      <datafield tag="300" ind1=" " ind2=" ">
         <subfield code="a">326 pages :</subfield>
         <subfield code="b">illustrations (some color), maps ;</subfield>
         <subfield code="c">30 cm.</subfield>
      </datafield>
      <datafield tag="336" ind1=" " ind2=" ">
         <subfield code="a">text</subfield>
         <subfield code="2">rdacontent</subfield>
      </datafield>
      <datafield tag="337" ind1=" " ind2=" ">
         <subfield code="a">unmediated</subfield>
         <subfield code="2">rdamedia</subfield>
      </datafield>
      <datafield tag="338" ind1=" " ind2=" ">
         <subfield code="a">volume</subfield>
         <subfield code="2">rdacarrier</subfield>
      </datafield>
      <datafield tag="490" ind1="1" ind2=" ">
         <subfield code="a">Schriften des Zentrums für Archäologie und Kulturgeschichte des Schwarzmeerraumes ;</subfield>
         <subfield code="v">22</subfield>
      </datafield>
      <datafield tag="500" ind1=" " ind2=" ">
         <subfield code="a">Conference proceedings, October 21-24, 2010, Wittenberg, Saxony-Anhalt, Germany.</subfield>
      </datafield>
      <datafield tag="546" ind1=" " ind2=" ">
         <subfield code="a">Contributions in German and English, one in Russian.</subfield>
      </datafield>
      <datafield tag="504" ind1=" " ind2=" ">
         <subfield code="a">Includes bibliographical references.</subfield>
      </datafield>
      <datafield tag="505" ind1="0" ind2="0">
         <subfield code="t">A new transcaucasian bronze belt in the Northern Caucasus /</subfield>
         <subfield code="r">Dudarev, Sergej L. --</subfield>
         <subfield code="r">Fomenko, Vladimir A. --</subfield>
         <subfield code="t">Formation und Transformation einer bronzezeitlichen Gebirgslandschaft im Nordkaukasus /</subfield>
         <subfield code="r">Reinhold, Sabine --</subfield>
         <subfield code="r">Korobov, Dmitri S. --</subfield>
         <subfield code="r">Belinksij, Andrej B. --</subfield>
         <subfield code="t">The transition from the Bronze to the Iron Age in the North-West-Caucasus in light of communication with Transcaucasia /</subfield>
         <subfield code="r">Erlikh, Vladimir --</subfield>
         <subfield code="t">Über die Formierung der Bzyb'-Kolchis-Kultur /</subfield>
         <subfield code="r">Skakov, Alexander --</subfield>
         <subfield code="t">The Late Bronze/Early Iron Age burial grounds from Tsaishi /</subfield>
         <subfield code="r">Papuashvili, Revaz --</subfield>
         <subfield code="t">Dagger-shaped pendants with dog-like heads :a defining element of Colchian bronze objects /</subfield>
         <subfield code="r">Kobalia, Nino --</subfield>
         <subfield code="t">Udabno : Eine erste Zusammenfassung der Ausgrabungs- und Prospektionsergebnisse nach Abschluss der Feldarbeiten /</subfield>
         <subfield code="r">Bertram, Gülçin İlgezdi --</subfield>
         <subfield code="r">Bertram, Jan-Krzysztof --</subfield>
         <subfield code="t">Die Keramik von Udabno in Ostgeorgien /</subfield>
         <subfield code="r">Brodbeck-Jucker, Sabina --</subfield>
         <subfield code="t">Studien zu den Kleinfunden von Udabno I–III (Ostgeorgien) : Zum Stand der Untersuchungen /</subfield>
         <subfield code="r">Kunze, René --</subfield>
         <subfield code="t">Der Didi Gora nahe Cnori im Alazani-Tal in der Spätbronze-/Früheisenzeit /</subfield>
         <subfield code="r">Kastl, Gabriele --</subfield>
         <subfield code="t">Keramik ostgeorgischer Fundplätze am Übergang von der Spätbronze- zur Früheisenzeit /</subfield>
         <subfield code="r">Ludwig-Egermann, Nadine --</subfield>
         <subfield code="t">Late Bronze/Early Iron Age sites in Trialeti : External relations and cultural contacts /</subfield>
         <subfield code="r">Shanshashvili, Nino --</subfield>
         <subfield code="r">Narimanishvili, Goderdzi --</subfield>
         <subfield code="t">Late Bronze Age balance weights from Gegharot (Armenia) /</subfield>
         <subfield code="r">Bobokhyan, Arzen --</subfield>
         <subfield code="r">Badalyan, Ruben --</subfield>
         <subfield code="t">Some comments on the Late Bronze Age process in Erzurum and the adjacent region /</subfield>
         <subfield code="r">Işıklı, Mehmet --</subfield>
         <subfield code="t">Survey on the settlements of Late Bronze/Early Iron Age in the northern shore of Lake Van Basin /</subfield>
         <subfield code="r">Özfırat, Aynur --</subfield>
         <subfield code="t">Monuments of the the early stage of Late Bronze Age in Northwestern Azerbaijan (15th–8th centuries BC) /</subfield>
         <subfield code="r">Surkhayev, Madrid --</subfield>
      </datafield>
      <datafield tag="505" ind1="0" ind2="0">
         <subfield code="t">Памятники Шарурской равнины эпохи поздней бронзы : раннего железа /</subfield>
         <subfield code="r">Ашуров, Сафар Г. --</subfield>
         <subfield code="t">The origins of political complexity in Naxçıvan : Excavations and survey at Oğlanqala 2008–2010 /</subfield>
         <subfield code="r">Ristvet, Lauren --</subfield>
         <subfield code="r">Bakhshaliyev, Veli --</subfield>
         <subfield code="r">Gopnik, Hilary --</subfield>
         <subfield code="r">Ashurov, Safar G. --</subfield>
         <subfield code="t">About Late Bronze/Early Iron Age sepulchral monuments of Naxçıvan /</subfield>
         <subfield code="r">Ibragimil, Bahlul --</subfield>
         <subfield code="t">The Caucasian connection : reflections on the transition from the Late Bronze to the Early Iron Age in Northern Iran and its connections to the Southern Caucasus /</subfield>
         <subfield code="r">Piller, Christian Konrad --</subfield>
         <subfield code="t">The Iron Age II to III transition (Urartian Period) in Northwestern Iran as seen from Hasanlu /</subfield>
         <subfield code="r">Kroll, Stephan.</subfield>
      </datafield>
      <datafield tag="651" ind1=" " ind2="0">
         <subfield code="a">Caucasus, South</subfield>
         <subfield code="x">Antiquities</subfield>
         <subfield code="v">Congresses.</subfield>
      </datafield>
      <datafield tag="650" ind1=" " ind2="0">
         <subfield code="a">Bronze age</subfield>
         <subfield code="z">Caucasus, South</subfield>
         <subfield code="v">Congresses.</subfield>
      </datafield>
      <datafield tag="650" ind1=" " ind2="0">
         <subfield code="a">Iron age</subfield>
         <subfield code="z">Caucasus, South</subfield>
         <subfield code="v">Congresses.</subfield>
      </datafield>
      <datafield tag="650" ind1=" " ind2="7">
         <subfield code="a">Antiquities.</subfield>
         <subfield code="2">fast</subfield>
         <subfield code="0">(OCoLC)fst00810745</subfield>
      </datafield>
      <datafield tag="650" ind1=" " ind2="7">
         <subfield code="a">Bronze age.</subfield>
         <subfield code="2">fast</subfield>
         <subfield code="0">(OCoLC)fst00839439</subfield>
      </datafield>
      <datafield tag="650" ind1=" " ind2="7">
         <subfield code="a">Iron age.</subfield>
         <subfield code="2">fast</subfield>
         <subfield code="0">(OCoLC)fst00979145</subfield>
      </datafield>
      <datafield tag="651" ind1=" " ind2="7">
         <subfield code="a">Caucasus, South.</subfield>
         <subfield code="2">fast</subfield>
         <subfield code="0">(OCoLC)fst01865051</subfield>
      </datafield>
      <datafield tag="655" ind1=" " ind2="7">
         <subfield code="a">Conference proceedings.</subfield>
         <subfield code="2">fast</subfield>
         <subfield code="0">(OCoLC)fst01423772</subfield>
      </datafield>
      <datafield tag="700" ind1="1" ind2=" ">
         <subfield code="a">Mehnert, Andreas,</subfield>
         <subfield code="e">editor.</subfield>
      </datafield>
      <datafield tag="700" ind1="1" ind2=" ">
         <subfield code="a">Mehnert, Gundula</subfield>
         <subfield code="e">editor.</subfield>
      </datafield>
      <datafield tag="700" ind1="1" ind2=" ">
         <subfield code="a">Reinhold, Sabine</subfield>
         <subfield code="e">editor.</subfield>
      </datafield>
      <datafield tag="830" ind1=" " ind2="0">
         <subfield code="a">Schriften des Zentrums für Archäologie und Kulturgeschichte des Schwarzmeerraumes ;</subfield>
         <subfield code="v">22.</subfield>
      </datafield>
      <datafield tag="994" ind1=" " ind2=" ">
         <subfield code="a">Z0</subfield>
         <subfield code="b">ZYU</subfield>
      </datafield>
      <datafield tag="OWN" ind1=" " ind2=" ">
         <subfield code="a">GENERAL</subfield>
      </datafield>
      <datafield tag="AVA" ind1=" " ind2=" ">
         <subfield code="a">NYU50</subfield>
         <subfield code="b">NISAW</subfield>
         <subfield code="c">Large Collection</subfield>
         <subfield code="d">DK511.T65 A988 2012</subfield>
         <subfield code="e">available</subfield>
         <subfield code="t">Available</subfield>
         <subfield code="f">1</subfield>
         <subfield code="g">0</subfield>
         <subfield code="h">N</subfield>
         <subfield code="i">0</subfield>
         <subfield code="j">LARGE</subfield>
         <subfield code="k">0</subfield>
      </datafield>
      <marc:datafield tag="852" ind1=" " ind2=" ">
         <marc:subfield code="b">Institute for the Study of the Ancient World, </marc:subfield>
         <marc:subfield code="c">Large Collection</marc:subfield>
         <marc:subfield code="e">15 East 84th St., </marc:subfield>
         <marc:subfield code="e">New York, NY  10028</marc:subfield>
      </marc:datafield>
   </record>