
  
  
  
  
 
  
  <record xsi:schemaLocation="http://www.loc.gov/MARC21/slim http://www.loc.gov/standards/marcxml/schema/MARC21slim.xsd">
      <leader>00000cam  2200733 i 4500</leader>
      <controlfield tag="FMT">BK</controlfield>
      <controlfield tag="LDR">00000cam  2200733 i 4500</controlfield>
      <controlfield tag="001">004045978</controlfield>
      <controlfield tag="003">OCoLC</controlfield>
      <controlfield tag="005">20141016141331.0</controlfield>
      <controlfield tag="008">141015s2013    gw ae    b    101 0 eng d</controlfield>
      <datafield tag="016" ind1="7" ind2=" ">
         <subfield code="a">016511885</subfield>
         <subfield code="2">Uk</subfield>
      </datafield>
      <datafield tag="016" ind1="7" ind2=" ">
         <subfield code="a">1037900669</subfield>
         <subfield code="2">DE-101</subfield>
      </datafield>
      <datafield tag="020" ind1=" " ind2=" ">
         <subfield code="a">9783515104258</subfield>
      </datafield>
      <datafield tag="020" ind1=" " ind2=" ">
         <subfield code="a">3515104259</subfield>
      </datafield>
      <datafield tag="035" ind1=" " ind2=" ">
         <subfield code="a">(OCoLC)855046697</subfield>
      </datafield>
      <datafield tag="040" ind1=" " ind2=" ">
         <subfield code="a">BTCTA</subfield>
         <subfield code="b">eng</subfield>
         <subfield code="e">rda</subfield>
         <subfield code="c">BTCTA</subfield>
         <subfield code="d">OHX</subfield>
         <subfield code="d">COO</subfield>
         <subfield code="d">OCLCO</subfield>
         <subfield code="d">UKMGB</subfield>
         <subfield code="d">NOC</subfield>
         <subfield code="d">YDXCP</subfield>
         <subfield code="d">OCLCF</subfield>
         <subfield code="d">OCLCO</subfield>
         <subfield code="d">NNU</subfield>
      </datafield>
      <datafield tag="043" ind1=" " ind2=" ">
         <subfield code="a">e-gr---</subfield>
         <subfield code="a">ff-----</subfield>
         <subfield code="a">e------</subfield>
         <subfield code="a">aw-----</subfield>
      </datafield>
      <datafield tag="050" ind1="1" ind2="4">
         <subfield code="a">BL723</subfield>
         <subfield code="b">.M46 2013</subfield>
      </datafield>
      <datafield tag="072" ind1=" " ind2="7">
         <subfield code="a">BL</subfield>
         <subfield code="2">lcco</subfield>
      </datafield>
      <datafield tag="072" ind1=" " ind2="7">
         <subfield code="a">DE</subfield>
         <subfield code="2">lcco</subfield>
      </datafield>
      <datafield tag="245" ind1="0" ind2="0">
         <subfield code="a">Memory and religious experience in the Greco-Roman world /</subfield>
         <subfield code="c">edited by Nicola Cusumano, Valentino Gasparini, Attilio Mastrocinque and Jörg Rüpke.</subfield>
      </datafield>
      <datafield tag="264" ind1=" " ind2="1">
         <subfield code="a">Stuttgart :</subfield>
         <subfield code="b">Franz Steiner Verlag,</subfield>
         <subfield code="c">[2013]</subfield>
      </datafield>
      <datafield tag="300" ind1=" " ind2=" ">
         <subfield code="a">223 pages :</subfield>
         <subfield code="b">illustrations, plans ;</subfield>
         <subfield code="c">24 cm.</subfield>
      </datafield>
      <datafield tag="336" ind1=" " ind2=" ">
         <subfield code="a">text</subfield>
         <subfield code="b">txt</subfield>
         <subfield code="2">rdacontent</subfield>
      </datafield>
      <datafield tag="337" ind1=" " ind2=" ">
         <subfield code="a">unmediated</subfield>
         <subfield code="b">n</subfield>
         <subfield code="2">rdamedia</subfield>
      </datafield>
      <datafield tag="338" ind1=" " ind2=" ">
         <subfield code="a">volume</subfield>
         <subfield code="b">nc</subfield>
         <subfield code="2">rdacarrier</subfield>
      </datafield>
      <datafield tag="490" ind1="1" ind2=" ">
         <subfield code="a">Alte Geschichte</subfield>
      </datafield>
      <datafield tag="490" ind1="1" ind2=" ">
         <subfield code="a">Potsdamer altertumswissenschaftliche Beiträge (PAwB) ;</subfield>
         <subfield code="v">Band 45</subfield>
      </datafield>
      <datafield tag="500" ind1=" " ind2=" ">
         <subfield code="a">Selected papers from the 9th EASR conference and IAHR Special Conference held in Messina during 14-17 September, 2009.</subfield>
      </datafield>
      <datafield tag="504" ind1=" " ind2=" ">
         <subfield code="a">Includes bibliographical references and index.</subfield>
      </datafield>
      <datafield tag="505" ind1="0" ind2="0">
         <subfield code="t">Introduction /</subfield>
         <subfield code="r">Cusumano, Nicola --</subfield>
         <subfield code="r">Gasparinie, Valentino --</subfield>
         <subfield code="r">Mastrocinque, Attilio --</subfield>
         <subfield code="r">Rüpke, Jörg --</subfield>
         <subfield code="t">Publishing the proceedings of the 9th EASR - IAHR special conference (Messina, 14-17 September 2009) /</subfield>
         <subfield code="r">Gasparro, Giulia Sfameni.</subfield>
         <subfield code="g">Part 1.</subfield>
         <subfield code="t">Memory and religion in the Greek world.</subfield>
         <subfield code="t">Memory and religion in the Greek world /</subfield>
         <subfield code="r">Cusumano, Nicola --</subfield>
         <subfield code="t">Glaucus and the importance of being earnest : Herodotus 6.86 on memory and trust, oath and pain /</subfield>
         <subfield code="r">Cusumano, Nicola --</subfield>
         <subfield code="t">The perpetuation of memory in the myths and cults of Artemis in the Peloponnese /</subfield>
         <subfield code="r">Solima, Isabella --</subfield>
         <subfield code="t">Memory lost, memory regained : considerations on the recovery of sacred texts in Messenia and in biblical Israel : a comparison /</subfield>
         <subfield code="r">Bonanno, Daniela --</subfield>
         <subfield code="t">The origins and deeds of our gods : inscriptions and local historical-religous memories in the Hellenistic and Roman world /</subfield>
         <subfield code="r">Chiai, Gian Franco --</subfield>
         <subfield code="t">Heroic memory and polis : Achilles and Athens in Zosimus' Historia nova /</subfield>
         <subfield code="r">Motta, Daniela.</subfield>
         <subfield code="g">Part II.</subfield>
         <subfield code="t">Religous experience in the Roman world.</subfield>
         <subfield code="t">Religous experience in the Roman world /</subfield>
         <subfield code="r">Mastrocinque, Attilio --</subfield>
         <subfield code="t">Rüpke, Jörg --</subfield>
         <subfield code="t">On religious experiences that should not happen in sanctuaries /</subfield>
         <subfield code="r">Rüpkem Jörg --</subfield>
         <subfield code="t">Group settings and religious experiences /</subfield>
         <subfield code="r">Arnhold, Marlis --</subfield>
         <subfield code="t">Dionysos and religious experiences in bona dea rituals /</subfield>
         <subfield code="r">Mastroncique, Attilio --</subfield>
         <subfield code="t">From the curia on the Palatine Hill to the regia on the Forum : the itinerary of the salii as a war ritual /</subfield>
         <subfield code="r">Guittard, Charles --</subfield>
         <subfield code="t">Staging religion : cultic performances in (and around) the temple of Isis in Pompeii /</subfield>
         <subfield code="r">Gasparini, Valentino.</subfield>
      </datafield>
      <datafield tag="651" ind1=" " ind2="0">
         <subfield code="a">Greece</subfield>
         <subfield code="x">Religion</subfield>
         <subfield code="v">Congresses.</subfield>
      </datafield>
      <datafield tag="651" ind1=" " ind2="0">
         <subfield code="a">Rome</subfield>
         <subfield code="x">Religion</subfield>
         <subfield code="v">Congresses.</subfield>
      </datafield>
      <datafield tag="650" ind1=" " ind2="0">
         <subfield code="a">Memory</subfield>
         <subfield code="x">Religious aspects</subfield>
         <subfield code="v">Congresses.</subfield>
      </datafield>
      <datafield tag="650" ind1=" " ind2="0">
         <subfield code="a">Mythology, Classical</subfield>
         <subfield code="v">Congresses.</subfield>
      </datafield>
      <datafield tag="650" ind1=" " ind2="0">
         <subfield code="a">Civilization, Greco-Roman</subfield>
         <subfield code="v">Congresses.</subfield>
      </datafield>
      <datafield tag="650" ind1=" " ind2="0">
         <subfield code="a">Classical antiquities</subfield>
         <subfield code="v">Congresses.</subfield>
      </datafield>
      <datafield tag="650" ind1=" " ind2="7">
         <subfield code="a">Civilization, Greco-Roman.</subfield>
         <subfield code="2">fast</subfield>
         <subfield code="0">(OCoLC)fst00863018</subfield>
      </datafield>
      <datafield tag="650" ind1=" " ind2="7">
         <subfield code="a">Classical antiquities.</subfield>
         <subfield code="2">fast</subfield>
         <subfield code="0">(OCoLC)fst00863445</subfield>
      </datafield>
      <datafield tag="650" ind1=" " ind2="7">
         <subfield code="a">Memory</subfield>
         <subfield code="x">Religious aspects.</subfield>
         <subfield code="2">fast</subfield>
         <subfield code="0">(OCoLC)fst01015932</subfield>
      </datafield>
      <datafield tag="650" ind1=" " ind2="7">
         <subfield code="a">Mythology, Classical.</subfield>
         <subfield code="2">fast</subfield>
         <subfield code="0">(OCoLC)fst01031758</subfield>
      </datafield>
      <datafield tag="650" ind1=" " ind2="7">
         <subfield code="a">Religion.</subfield>
         <subfield code="2">fast</subfield>
         <subfield code="0">(OCoLC)fst01093763</subfield>
      </datafield>
      <datafield tag="651" ind1=" " ind2="7">
         <subfield code="a">Greece.</subfield>
         <subfield code="2">fast</subfield>
         <subfield code="0">(OCoLC)fst01208380</subfield>
      </datafield>
      <datafield tag="651" ind1=" " ind2="7">
         <subfield code="a">Rome (Empire)</subfield>
         <subfield code="2">fast</subfield>
         <subfield code="0">(OCoLC)fst01204885</subfield>
      </datafield>
      <datafield tag="655" ind1=" " ind2="7">
         <subfield code="a">Conference proceedings.</subfield>
         <subfield code="2">fast</subfield>
         <subfield code="0">(OCoLC)fst01423772</subfield>
      </datafield>
      <datafield tag="700" ind1="1" ind2=" ">
         <subfield code="a">Cusumano, Nicola</subfield>
         <subfield code="e">editor.</subfield>
      </datafield>
      <datafield tag="700" ind1="1" ind2=" ">
         <subfield code="a">Gasparini, Valentino,</subfield>
         <subfield code="e">editor.</subfield>
      </datafield>
      <datafield tag="700" ind1="1" ind2=" ">
         <subfield code="a">Mastrocinque, Attilio</subfield>
         <subfield code="e">editor.</subfield>
      </datafield>
      <datafield tag="700" ind1="1" ind2=" ">
         <subfield code="a">Rüpke, Jörg</subfield>
         <subfield code="e">editor.</subfield>
      </datafield>
      <datafield tag="710" ind1="2" ind2=" ">
         <subfield code="a">European Association for the Study of Religion.</subfield>
         <subfield code="b">Congress</subfield>
         <subfield code="n">(9th :</subfield>
         <subfield code="d">2009 :</subfield>
         <subfield code="c">Messina, Italy)</subfield>
      </datafield>
      <datafield tag="710" ind1="2" ind2=" ">
         <subfield code="a">International Association for the History of Religions.</subfield>
         <subfield code="b">Special Congress</subfield>
         <subfield code="d">(2009 : Messina, Italy)</subfield>
      </datafield>
      <datafield tag="830" ind1=" " ind2="0">
         <subfield code="a">Alte Geschichte (Stuttgart, Germany)</subfield>
      </datafield>
      <datafield tag="830" ind1=" " ind2="0">
         <subfield code="a">Potsdamer altertumswissenschaftliche Beiträge ;</subfield>
         <subfield code="v">Bd. 45.</subfield>
      </datafield>
      <datafield tag="994" ind1=" " ind2=" ">
         <subfield code="a">Z0</subfield>
         <subfield code="b">ZYU</subfield>
      </datafield>
      <datafield tag="OWN" ind1=" " ind2=" ">
         <subfield code="a">GENERAL</subfield>
      </datafield>
      <datafield tag="980" ind1=" " ind2=" ">
         <subfield code="g">1</subfield>
         <subfield code="b">53.00</subfield>
         <subfield code="c">EUR</subfield>
         <subfield code="a">20141120</subfield>
         <subfield code="f">HAR63994274</subfield>
      </datafield>
      <datafield tag="981" ind1=" " ind2=" ">
         <subfield code="b">BBHCLA-2014</subfield>
         <subfield code="c">BMAIN</subfield>
         <subfield code="d">NOTE: DUP:004045978 Proc:ADDED LOACTION: BMAIN S:WGH</subfield>
      </datafield>
      <datafield tag="982" ind1=" " ind2=" ">
         <subfield code="f">HAR63994274</subfield>
         <subfield code="b">NY</subfield>
         <subfield code="e">WGH</subfield>
      </datafield>
      <datafield tag="984" ind1=" " ind2=" ">
         <subfield code="a">20141120</subfield>
      </datafield>
      <datafield tag="985" ind1=" " ind2=" ">
         <subfield code="b">ADDED LOACTION: BMAIN</subfield>
         <subfield code="d">004045978</subfield>
      </datafield>
      <datafield tag="986" ind1=" " ind2=" ">
         <subfield code="a">har130400567</subfield>
      </datafield>
      <datafield tag="049" ind1=" " ind2=" ">
         <subfield code="a">HARPBMAIN</subfield>
      </datafield>
      <datafield tag="AVA" ind1=" " ind2=" ">
         <subfield code="a">NYU50</subfield>
         <subfield code="b">BOBST</subfield>
         <subfield code="c">Main Collection</subfield>
         <subfield code="e">unavailable</subfield>
         <subfield code="t">Unavailable</subfield>
         <subfield code="f">1</subfield>
         <subfield code="g">1</subfield>
         <subfield code="h">N</subfield>
         <subfield code="i">0</subfield>
         <subfield code="j">MAIN</subfield>
         <subfield code="k">0</subfield>
      </datafield>
      <datafield tag="AVA" ind1=" " ind2=" ">
         <subfield code="a">NYU50</subfield>
         <subfield code="b">NISAW</subfield>
         <subfield code="c">Small Collection</subfield>
         <subfield code="d">BL723 .M46 2013</subfield>
         <subfield code="e">available</subfield>
         <subfield code="t">Available</subfield>
         <subfield code="f">1</subfield>
         <subfield code="g">0</subfield>
         <subfield code="h">N</subfield>
         <subfield code="i">0</subfield>
         <subfield code="j">SMALL</subfield>
         <subfield code="k">0</subfield>
      </datafield>
      <marc:datafield tag="852" ind1=" " ind2=" ">
         <marc:subfield code="b">Institute for the Study of the Ancient World, </marc:subfield>
         <marc:subfield code="c">Small Collection</marc:subfield>
         <marc:subfield code="e">15 East 84th St., </marc:subfield>
         <marc:subfield code="e">New York, NY  10028</marc:subfield>
      </marc:datafield>
   </record>