
  
  
  
  
  
 
  
  <record xsi:schemaLocation="http://www.loc.gov/MARC21/slim http://www.loc.gov/standards/marcxml/schema/MARC21slim.xsd">
      <leader>00000cam  2200481 a 4500</leader>
      <controlfield tag="FMT">BK</controlfield>
      <controlfield tag="LDR">00000cam  2200481 a 4500</controlfield>
      <controlfield tag="001">004046256</controlfield>
      <controlfield tag="003">OCoLC</controlfield>
      <controlfield tag="005">20141016112012.0</controlfield>
      <controlfield tag="008">141016s2012    cc       b    000 0 chi d</controlfield>
      <datafield tag="020" ind1=" " ind2=" ">
         <subfield code="a">9787532565160</subfield>
      </datafield>
      <datafield tag="020" ind1=" " ind2=" ">
         <subfield code="a">7532565165</subfield>
      </datafield>
      <datafield tag="035" ind1=" " ind2=" ">
         <subfield code="a">(OCoLC)824130709</subfield>
      </datafield>
      <datafield tag="040" ind1=" " ind2=" ">
         <subfield code="a">BCBTC</subfield>
         <subfield code="b">eng</subfield>
         <subfield code="c">BCBTC</subfield>
         <subfield code="d">CUY</subfield>
         <subfield code="d">OCLCF</subfield>
         <subfield code="d">OCLCO</subfield>
         <subfield code="d">ZYU</subfield>
         <subfield code="d">NNU</subfield>
      </datafield>
      <datafield tag="043" ind1=" " ind2=" ">
         <subfield code="a">a-cc---</subfield>
      </datafield>
      <datafield tag="050" ind1=" " ind2="4">
         <subfield code="a">PL2447</subfield>
         <subfield code="b">.S53 2012</subfield>
      </datafield>
      <datafield tag="066" ind1=" " ind2=" ">
         <subfield code="c">$1</subfield>
      </datafield>
      <datafield tag="100" ind1="1" ind2=" ">
         <subfield code="a">Shaughnessy, Edward L.,</subfield>
         <subfield code="d">1952-</subfield>
      </datafield>
      <datafield tag="240" ind1="1" ind2="0">
         <subfield code="a">Rewriting Early Chinese Texts.</subfield>
         <subfield code="l">Chinese</subfield>
      </datafield>
      <datafield tag="245" ind1="1" ind2="0">
         <subfield code="6">880-01</subfield>
         <subfield code="a">Chong xie Zhongguo gu dai wen xian /</subfield>
         <subfield code="c">Xia Hanyi zhu ; Zhou Boqun deng yi.</subfield>
      </datafield>
      <datafield tag="250" ind1=" " ind2=" ">
         <subfield code="6">880-02</subfield>
         <subfield code="a">Di 1 ban.</subfield>
      </datafield>
      <datafield tag="260" ind1=" " ind2=" ">
         <subfield code="6">880-03</subfield>
         <subfield code="a">Shanghai :</subfield>
         <subfield code="b">Shanghai gu ji chu ban she,</subfield>
         <subfield code="c">2012.</subfield>
      </datafield>
      <datafield tag="300" ind1=" " ind2=" ">
         <subfield code="a">5, 2, 232 p. ;</subfield>
         <subfield code="c">21 cm.</subfield>
      </datafield>
      <datafield tag="490" ind1="0" ind2=" ">
         <subfield code="6">880-04</subfield>
         <subfield code="a">Zao qi Zhongguo yan jiu cong shu</subfield>
      </datafield>
      <datafield tag="504" ind1=" " ind2=" ">
         <subfield code="a">Includes bibliographical references (p. [218]-230).</subfield>
      </datafield>
      <datafield tag="650" ind1=" " ind2="0">
         <subfield code="a">Paleography, Chinese</subfield>
         <subfield code="x">History.</subfield>
      </datafield>
      <datafield tag="650" ind1=" " ind2="0">
         <subfield code="a">Inscriptions, Chinese</subfield>
         <subfield code="x">History.</subfield>
      </datafield>
      <datafield tag="650" ind1=" " ind2="0">
         <subfield code="a">Bibliography</subfield>
         <subfield code="z">China</subfield>
         <subfield code="x">History.</subfield>
      </datafield>
      <datafield tag="650" ind1=" " ind2="7">
         <subfield code="a">Bibliography.</subfield>
         <subfield code="2">fast</subfield>
         <subfield code="0">(OCoLC)fst00831351</subfield>
      </datafield>
      <datafield tag="651" ind1=" " ind2="7">
         <subfield code="a">China.</subfield>
         <subfield code="2">fast</subfield>
         <subfield code="0">(OCoLC)fst01206073</subfield>
      </datafield>
      <datafield tag="655" ind1=" " ind2="7">
         <subfield code="a">History.</subfield>
         <subfield code="2">fast</subfield>
         <subfield code="0">(OCoLC)fst01411628</subfield>
      </datafield>
      <datafield tag="700" ind1="1" ind2=" ">
         <subfield code="6">880-05</subfield>
         <subfield code="a">Zhou, Boqun.</subfield>
      </datafield>
      <datafield tag="880" ind1="1" ind2="0">
         <subfield code="6">245-01/</subfield>
         <subfield code="a">重写中国古代文献 /</subfield>
         <subfield code="c">夏含夷著 ; 周博群等译.</subfield>
      </datafield>
      <datafield tag="880" ind1=" " ind2=" ">
         <subfield code="6">250-02/</subfield>
         <subfield code="a">第1版.</subfield>
      </datafield>
      <datafield tag="880" ind1=" " ind2=" ">
         <subfield code="6">260-03/</subfield>
         <subfield code="a">上海 :</subfield>
         <subfield code="b">上海古籍出版社,</subfield>
         <subfield code="c">2012.</subfield>
      </datafield>
      <datafield tag="880" ind1="0" ind2=" ">
         <subfield code="6">490-04/</subfield>
         <subfield code="a">早期中国研究丛书</subfield>
      </datafield>
      <datafield tag="880" ind1="1" ind2=" ">
         <subfield code="6">700-05/</subfield>
         <subfield code="a">周博群.</subfield>
      </datafield>
      <datafield tag="994" ind1=" " ind2=" ">
         <subfield code="a">Z0</subfield>
         <subfield code="b">ZYU</subfield>
      </datafield>
      <datafield tag="OWN" ind1=" " ind2=" ">
         <subfield code="a">GENERAL</subfield>
      </datafield>
      <datafield tag="AVA" ind1=" " ind2=" ">
         <subfield code="a">NYU50</subfield>
         <subfield code="b">NISAW</subfield>
         <subfield code="c">Small Collection</subfield>
         <subfield code="d">PL2447 .S53 2012</subfield>
         <subfield code="e">available</subfield>
         <subfield code="t">Available</subfield>
         <subfield code="f">1</subfield>
         <subfield code="g">0</subfield>
         <subfield code="h">N</subfield>
         <subfield code="i">0</subfield>
         <subfield code="j">SMALL</subfield>
         <subfield code="k">0</subfield>
      </datafield>
      <marc:datafield tag="852" ind1=" " ind2=" ">
         <marc:subfield code="b">Institute for the Study of the Ancient World, </marc:subfield>
         <marc:subfield code="c">Small Collection</marc:subfield>
         <marc:subfield code="e">15 East 84th St., </marc:subfield>
         <marc:subfield code="e">New York, NY  10028</marc:subfield>
      </marc:datafield>
   </record>