
  
  
  
  
  
 
  
  <record xsi:schemaLocation="http://www.loc.gov/MARC21/slim http://www.loc.gov/standards/marcxml/schema/MARC21slim.xsd">
      <leader>00000pam  2200529 i 4500</leader>
      <controlfield tag="FMT">BK</controlfield>
      <controlfield tag="LDR">00000pam  2200529 i 4500</controlfield>
      <controlfield tag="001">004044708</controlfield>
      <controlfield tag="005">20141106110252.0</controlfield>
      <controlfield tag="006">m        c</controlfield>
      <controlfield tag="007">cm|cg |||m||||</controlfield>
      <controlfield tag="008">140320s2014    inuab    b    000 0 eng c</controlfield>
      <datafield tag="010" ind1=" " ind2=" ">
         <subfield code="a">2014011315</subfield>
      </datafield>
      <datafield tag="020" ind1=" " ind2=" ">
         <subfield code="a">9781575063058 (hardback : alk. paper)</subfield>
      </datafield>
      <datafield tag="020" ind1=" " ind2=" ">
         <subfield code="a">1575063050 (hardback : alk. paper)</subfield>
      </datafield>
      <datafield tag="035" ind1=" " ind2=" ">
         <subfield code="a">(NhCcYBP)  2014011315</subfield>
      </datafield>
      <datafield tag="035" ind1="7" ind2=" ">
         <subfield code="a">ybp10972573</subfield>
      </datafield>
      <datafield tag="040" ind1=" " ind2=" ">
         <subfield code="a">IEN/DLC</subfield>
         <subfield code="b">eng</subfield>
         <subfield code="e">rda</subfield>
         <subfield code="c">INU</subfield>
         <subfield code="d">DLC</subfield>
         <subfield code="d">OCLCO</subfield>
         <subfield code="d">YDXCP</subfield>
         <subfield code="d">NhCcYBP</subfield>
         <subfield code="d">NNU</subfield>
      </datafield>
      <datafield tag="042" ind1=" " ind2=" ">
         <subfield code="a">pcc</subfield>
      </datafield>
      <datafield tag="043" ind1=" " ind2=" ">
         <subfield code="a">f-ua---</subfield>
      </datafield>
      <datafield tag="050" ind1="0" ind2="0">
         <subfield code="a">DT73.T26</subfield>
         <subfield code="b">T48 2014</subfield>
      </datafield>
      <datafield tag="082" ind1="0" ind2="4">
         <subfield code="a">932.014</subfield>
         <subfield code="2">23</subfield>
      </datafield>
      <datafield tag="245" ind1="0" ind2="0">
         <subfield code="a">Tell el-Borg.</subfield>
         <subfield code="n">I :</subfield>
         <subfield code="b">excavations in north Sinai : the "Dwelling of the Lion" on the ways of Horus /</subfield>
         <subfield code="c">edited by James K. Hoffmeier ; with contributions by Kenneth A. Kitchen, James E. Knudstad, Rexine Hummel, Stuart Swiny, Catherine Duff, Gregory D. Mumford, Tomasz Herbich, Stephen O. Moshier, and others.</subfield>
      </datafield>
      <datafield tag="264" ind1=" " ind2="1">
         <subfield code="a">Winona Lake, Indiana :</subfield>
         <subfield code="b">Eisenbrauns,</subfield>
         <subfield code="c">2014.</subfield>
      </datafield>
      <datafield tag="300" ind1=" " ind2=" ">
         <subfield code="a">xiv, 520 pages ;</subfield>
         <subfield code="c">29 cm +</subfield>
         <subfield code="e">1 CD-ROM (4 3/4 in.)</subfield>
      </datafield>
      <datafield tag="336" ind1=" " ind2=" ">
         <subfield code="a">text</subfield>
         <subfield code="b">txt</subfield>
         <subfield code="2">rdacontent</subfield>
      </datafield>
      <datafield tag="336" ind1=" " ind2=" ">
         <subfield code="a">computer program</subfield>
         <subfield code="b">cop</subfield>
         <subfield code="2">rdacontent</subfield>
      </datafield>
      <datafield tag="337" ind1=" " ind2=" ">
         <subfield code="a">unmediated</subfield>
         <subfield code="b">n</subfield>
         <subfield code="2">rdamedia</subfield>
      </datafield>
      <datafield tag="337" ind1=" " ind2=" ">
         <subfield code="a">computer</subfield>
         <subfield code="b">c</subfield>
         <subfield code="2">rdamedia</subfield>
      </datafield>
      <datafield tag="338" ind1=" " ind2=" ">
         <subfield code="a">volume</subfield>
         <subfield code="b">nc</subfield>
         <subfield code="2">rdacarrier</subfield>
      </datafield>
      <datafield tag="338" ind1=" " ind2=" ">
         <subfield code="a">computer disc</subfield>
         <subfield code="b">cd</subfield>
         <subfield code="2">rdacarrier</subfield>
      </datafield>
      <datafield tag="504" ind1=" " ind2=" ">
         <subfield code="a">Includes bibliographical references.</subfield>
      </datafield>
      <datafield tag="500" ind1=" " ind2=" ">
         <subfield code="a">Accompanying CD-ROM contains illustrations and maps.</subfield>
      </datafield>
      <datafield tag="505" ind1="0" ind2="0">
         <subfield code="a">Introduction to the work at Tell el-Borg /</subfield>
         <subfield code="r">Hoffmeier, James K. --</subfield>
         <subfield code="t">"The ways of Horus" : reconstructing Egypt's east frontier defense network and the military road to Canaan in New Kingdom times /</subfield>
         <subfield code="r">Hoffmeier, James K. --</subfield>
         <subfield code="r">Moshier, Stephen O. --</subfield>
         <subfield code="t">The geological setting of Tell el-Borg with implications for ancient geography of northwest Sinai /</subfield>
         <subfield code="r">Moshier, Stephen O. --</subfield>
         <subfield code="t">Field I and miscellaneous inscriptions /</subfield>
         <subfield code="r">Hoffmeier, James K. --</subfield>
         <subfield code="r">Kitchen, Kenneth A. --</subfield>
         <subfield code="t">The fortification area /</subfield>
         <subfield code="r">Hoffmeier, James K. --</subfield>
         <subfield code="r">Knudstad, James E. --</subfield>
         <subfield code="r">Frey, Rosa A. --</subfield>
         <subfield code="r">Bull, Ronald D. --</subfield>
         <subfield code="r">Mumford, Gregory D. --</subfield>
         <subfield code="t">The Ramesside Period fort /</subfield>
         <subfield code="r">Hoffmeier, James K. --</subfield>
         <subfield code="r">Knudstad, James E. --</subfield>
         <subfield code="r">Frey, Rosa A. --</subfield>
         <subfield code="r">Mumford, Gregory D. --</subfield>
         <subfield code="r">Kitchen, Kenneth --</subfield>
         <subfield code="t">Results of the magnetic survey at Tell el-Borg, North Sinai, March 2006 and 2007 /</subfield>
         <subfield code="r">Herbich, Tomasz --</subfield>
         <subfield code="t">A report on the ceramics recovered from Tell el-Borg /</subfield>
         <subfield code="r">Hummel, Rexine --</subfield>
         <subfield code="t">Levantine-Egyptian interconnections at Tell el-Borg, North Sinai /</subfield>
         <subfield code="r">Duff, Catherine A. --</subfield>
         <subfield code="t">The Cypriot pottery /</subfield>
         <subfield code="r">Swiny, Stuart --</subfield>
         <subfield code="t">Ceramic miscellanies : preliminary report on the Mycenaean pottery /</subfield>
         <subfield code="r">Hummel, Rexine --</subfield>
         <subfield code="t">Tell el-Borg pottery volumes /</subfield>
         <subfield code="r">Mumford, Gregory D. --</subfield>
         <subfield code="t">Red-painted Nefer jars : the example from Tell el-Borg /</subfield>
         <subfield code="r">Pinch-Brock, Lyla --</subfield>
         <subfield code="t">Metal weapons from Tell el-Borg : the spear/lance (TBO 0177) and sword (TBO 0395) from field IV /</subfield>
         <subfield code="r">Neska, Mike --</subfield>
         <subfield code="t">The short sword (dirk) (TBO 0395) from field IV /</subfield>
         <subfield code="r">Neska, Mike --</subfield>
         <subfield code="t">Arrowheads and javelin found at Tell el-Borg /</subfield>
         <subfield code="r">Falk, David.</subfield>
      </datafield>
      <datafield tag="651" ind1=" " ind2="0">
         <subfield code="a">Tell el-Borg Site (Egypt)</subfield>
      </datafield>
      <datafield tag="651" ind1=" " ind2="0">
         <subfield code="a">Sinai (Egypt)</subfield>
         <subfield code="x">Antiquities.</subfield>
      </datafield>
      <datafield tag="650" ind1=" " ind2="0">
         <subfield code="a">Excavations (Archaeology)</subfield>
         <subfield code="z">Egypt</subfield>
         <subfield code="z">Sinai.</subfield>
      </datafield>
      <datafield tag="650" ind1=" " ind2="0">
         <subfield code="a">Fortification</subfield>
         <subfield code="z">Egypt</subfield>
         <subfield code="z">Sinai.</subfield>
      </datafield>
      <datafield tag="700" ind1="1" ind2=" ">
         <subfield code="a">Hoffmeier, James Karl,</subfield>
         <subfield code="d">1951-</subfield>
         <subfield code="e">editor.</subfield>
      </datafield>
      <datafield tag="700" ind1="1" ind2=" ">
         <subfield code="a">Kitchen, K. A.</subfield>
         <subfield code="q">(Kenneth Anderson)</subfield>
         <subfield code="e">contributor.</subfield>
      </datafield>
      <datafield tag="700" ind1="1" ind2=" ">
         <subfield code="a">Knudstad, James E.</subfield>
         <subfield code="e">contributor.</subfield>
      </datafield>
      <datafield tag="700" ind1="1" ind2=" ">
         <subfield code="a">Hummel, Rexine,</subfield>
         <subfield code="e">contributor.</subfield>
      </datafield>
      <datafield tag="700" ind1="1" ind2=" ">
         <subfield code="a">Swiny, Stuart</subfield>
         <subfield code="e">contributor.</subfield>
      </datafield>
      <datafield tag="700" ind1="1" ind2=" ">
         <subfield code="a">Duff, Catherine,</subfield>
         <subfield code="e">contributor.</subfield>
      </datafield>
      <datafield tag="700" ind1="1" ind2=" ">
         <subfield code="a">Mumford, Gregory D.,</subfield>
         <subfield code="d">1965-,</subfield>
         <subfield code="e">contributor.</subfield>
      </datafield>
      <datafield tag="700" ind1="1" ind2=" ">
         <subfield code="a">Herbich, Tomasz,</subfield>
         <subfield code="e">contributor.</subfield>
      </datafield>
      <datafield tag="700" ind1="1" ind2=" ">
         <subfield code="a">Moshier, Stephen O.,</subfield>
         <subfield code="d">1955-,</subfield>
         <subfield code="e">contributor.</subfield>
      </datafield>
      <datafield tag="OWN" ind1=" " ind2=" ">
         <subfield code="a">GENERAL</subfield>
      </datafield>
      <datafield tag="AVA" ind1=" " ind2=" ">
         <subfield code="a">NYU50</subfield>
         <subfield code="b">BOBST</subfield>
         <subfield code="c">Main Collection</subfield>
         <subfield code="d">DT73.T26 T48 2014</subfield>
         <subfield code="e">available</subfield>
         <subfield code="t">Available</subfield>
         <subfield code="f">1</subfield>
         <subfield code="g">0</subfield>
         <subfield code="h">N</subfield>
         <subfield code="i">0</subfield>
         <subfield code="j">MAIN</subfield>
         <subfield code="k">0</subfield>
      </datafield>
      <datafield tag="AVA" ind1=" " ind2=" ">
         <subfield code="a">NYU50</subfield>
         <subfield code="b">NISAW</subfield>
         <subfield code="c">Large Collection</subfield>
         <subfield code="d">DT73.T26 T48 2014</subfield>
         <subfield code="e">available</subfield>
         <subfield code="t">Available</subfield>
         <subfield code="f">1</subfield>
         <subfield code="g">0</subfield>
         <subfield code="h">N</subfield>
         <subfield code="i">0</subfield>
         <subfield code="j">LARGE</subfield>
         <subfield code="k">0</subfield>
      </datafield>
      <marc:datafield tag="852" ind1=" " ind2=" ">
         <marc:subfield code="b">Institute for the Study of the Ancient World, </marc:subfield>
         <marc:subfield code="c">Large Collection</marc:subfield>
         <marc:subfield code="e">15 East 84th St., </marc:subfield>
         <marc:subfield code="e">New York, NY  10028</marc:subfield>
      </marc:datafield>
   </record>