
  
  
  
  
  
  
  
 
  
  <record xsi:schemaLocation="http://www.loc.gov/MARC21/slim http://www.loc.gov/standards/marcxml/schema/MARC21slim.xsd">
      <leader>00000cam  2200649 a 4500</leader>
      <controlfield tag="FMT">BK</controlfield>
      <controlfield tag="LDR">00000cam  2200649 a 4500</controlfield>
      <controlfield tag="001">004048489</controlfield>
      <controlfield tag="003">OCoLC</controlfield>
      <controlfield tag="005">20141017104924.0</controlfield>
      <controlfield tag="008">141017s2010    cc ab         000 0 chi d</controlfield>
      <datafield tag="020" ind1=" " ind2=" ">
         <subfield code="a">9787532556755</subfield>
      </datafield>
      <datafield tag="020" ind1=" " ind2=" ">
         <subfield code="a">7532556751</subfield>
      </datafield>
      <datafield tag="035" ind1=" " ind2=" ">
         <subfield code="a">(OCoLC)697030158</subfield>
      </datafield>
      <datafield tag="040" ind1=" " ind2=" ">
         <subfield code="a">BCBTC</subfield>
         <subfield code="c">BCBTC</subfield>
         <subfield code="d">CNPIT</subfield>
         <subfield code="d">HLS</subfield>
         <subfield code="d">PIT</subfield>
         <subfield code="d">CUY</subfield>
         <subfield code="d">OCLCF</subfield>
         <subfield code="d">NNU</subfield>
      </datafield>
      <datafield tag="043" ind1=" " ind2=" ">
         <subfield code="a">a-cc-sh</subfield>
      </datafield>
      <datafield tag="050" ind1=" " ind2="4">
         <subfield code="a">NA3705.C6</subfield>
         <subfield code="b">Z43 2010</subfield>
      </datafield>
      <datafield tag="066" ind1=" " ind2=" ">
         <subfield code="c">$1</subfield>
      </datafield>
      <datafield tag="100" ind1="1" ind2=" ">
         <subfield code="6">880-01</subfield>
         <subfield code="a">Zhang, Tongxin,</subfield>
         <subfield code="d">1960-</subfield>
      </datafield>
      <datafield tag="245" ind1="1" ind2="0">
         <subfield code="6">880-02</subfield>
         <subfield code="a">Yu Wang cheng wa dang :</subfield>
         <subfield code="b">Dong Zhou Qin Han shi qi Jin xi nan wa dang yan jiu /</subfield>
         <subfield code="c">Zhang Tongxin, Huang Yongjiu bian zhu.</subfield>
      </datafield>
      <datafield tag="246" ind1="3" ind2="0">
         <subfield code="6">880-03</subfield>
         <subfield code="a">Dong Zhou Qin Han shi qi Jin xi nan wa dang yan jiu</subfield>
      </datafield>
      <datafield tag="250" ind1=" " ind2=" ">
         <subfield code="6">880-04</subfield>
         <subfield code="a">Di 1 ban.</subfield>
      </datafield>
      <datafield tag="260" ind1=" " ind2=" ">
         <subfield code="6">880-05</subfield>
         <subfield code="a">Shanghai :</subfield>
         <subfield code="b">Shanghai gu ji chu ban she,</subfield>
         <subfield code="c">2010.</subfield>
      </datafield>
      <datafield tag="300" ind1=" " ind2=" ">
         <subfield code="a">11, 282 p. :</subfield>
         <subfield code="b">ill. (some col.), col. map ;</subfield>
         <subfield code="c">23 cm.</subfield>
      </datafield>
      <datafield tag="520" ind1=" " ind2=" ">
         <subfield code="6">880-06</subfield>
         <subfield code="a">Bai shu dui Xia Xian Yu Wang cheng kao gu diao cha he fa jue zhong suo huo de de 400 yu jian Dong Zhou Qin Han shi qi de wa dang jin xing le zheng li, fen su mian, wo wen, kui wen, wen zi, yu wen wu da lei, qi zhong yun wen lei shi Yu Wang cheng wa dang xi lie zhong zui ju te se zhe, gu you xi fen wei shou shou shi yun wen, yu long wen, qu chi yun wen, wang xin yun wen deng 13 lei. 400 yu jian wa dang yi ta pian wei zhu, bu qing chu zhe pei you xian tu, du zhe ke cong zhong liao jie Dong Zhou, Qin Han shi qi Yu Wang cheng wa dang de yi shu te dian. Yu Wang cheng ceng zuo wei zao qi Wei guo zhi du, Qin Han he dong jun zhi suo zai di yi ji Dong Han mo nian de lin shi shou du, gai di chu tu de wa dang you xaing dang de dai biao xing, ye you zhu yu wo men quan mian ren shi Huang He zhong xia you de wa dang shi yong qing kuang.</subfield>
      </datafield>
      <datafield tag="650" ind1=" " ind2="0">
         <subfield code="a">Tiles, Ancient</subfield>
         <subfield code="z">China</subfield>
         <subfield code="z">Xia Xian (Shanxi Sheng).</subfield>
      </datafield>
      <datafield tag="650" ind1=" " ind2="0">
         <subfield code="a">Tiles, Roofing</subfield>
         <subfield code="x">History.</subfield>
      </datafield>
      <datafield tag="650" ind1=" " ind2="0">
         <subfield code="a">Decoration and ornament, Architectural</subfield>
         <subfield code="z">China</subfield>
         <subfield code="z">Xia Xian (Shanxi Sheng).</subfield>
      </datafield>
      <datafield tag="650" ind1=" " ind2="0">
         <subfield code="a">Tiles</subfield>
         <subfield code="z">China</subfield>
         <subfield code="x">History</subfield>
         <subfield code="y">Qin-Han dynasties, 221 B.C.-220 A.D.</subfield>
      </datafield>
      <datafield tag="650" ind1=" " ind2="7">
         <subfield code="a">Decoration and ornament, Architectural.</subfield>
         <subfield code="2">fast</subfield>
         <subfield code="0">(OCoLC)fst00889225</subfield>
      </datafield>
      <datafield tag="650" ind1=" " ind2="7">
         <subfield code="a">Tiles.</subfield>
         <subfield code="2">fast</subfield>
         <subfield code="0">(OCoLC)fst01150910</subfield>
      </datafield>
      <datafield tag="650" ind1=" " ind2="7">
         <subfield code="a">Tiles, Ancient.</subfield>
         <subfield code="2">fast</subfield>
         <subfield code="0">(OCoLC)fst01150930</subfield>
      </datafield>
      <datafield tag="650" ind1=" " ind2="7">
         <subfield code="a">Tiles, Roofing.</subfield>
         <subfield code="2">fast</subfield>
         <subfield code="0">(OCoLC)fst01150942</subfield>
      </datafield>
      <datafield tag="651" ind1=" " ind2="7">
         <subfield code="a">China.</subfield>
         <subfield code="2">fast</subfield>
         <subfield code="0">(OCoLC)fst01206073</subfield>
      </datafield>
      <datafield tag="651" ind1=" " ind2="7">
         <subfield code="a">China</subfield>
         <subfield code="z">Xia Xian (Shanxi Sheng)</subfield>
         <subfield code="2">fast</subfield>
         <subfield code="0">(OCoLC)fst01312255</subfield>
      </datafield>
      <datafield tag="648" ind1=" " ind2="7">
         <subfield code="a">1122 B.C. - 220 A.D.</subfield>
         <subfield code="2">fast</subfield>
      </datafield>
      <datafield tag="653" ind1="1" ind2=" ">
         <subfield code="a">Yu Wang cheng site</subfield>
      </datafield>
      <datafield tag="655" ind1=" " ind2="7">
         <subfield code="a">History.</subfield>
         <subfield code="2">fast</subfield>
         <subfield code="0">(OCoLC)fst01411628</subfield>
      </datafield>
      <datafield tag="700" ind1="1" ind2=" ">
         <subfield code="6">880-07</subfield>
         <subfield code="a">Huang Yongjiu.</subfield>
      </datafield>
      <datafield tag="880" ind1="1" ind2=" ">
         <subfield code="6">100-01/</subfield>
         <subfield code="a">张童心,</subfield>
         <subfield code="d">1960-</subfield>
      </datafield>
      <datafield tag="880" ind1="1" ind2="0">
         <subfield code="6">245-02/</subfield>
         <subfield code="a">禹王城瓦当 :</subfield>
         <subfield code="b">东周秦汉时期晋西南瓦当研究 /</subfield>
         <subfield code="c">张童心, 黄永久编著.</subfield>
      </datafield>
      <datafield tag="880" ind1="3" ind2="0">
         <subfield code="6">246-03/</subfield>
         <subfield code="a">东周秦汉时期晋西南瓦当研究</subfield>
      </datafield>
      <datafield tag="880" ind1=" " ind2=" ">
         <subfield code="6">250-04/</subfield>
         <subfield code="a">第1版.</subfield>
      </datafield>
      <datafield tag="880" ind1=" " ind2=" ">
         <subfield code="6">260-05/</subfield>
         <subfield code="a">上海 :</subfield>
         <subfield code="b">上海古籍出版社,</subfield>
         <subfield code="c">2010.</subfield>
      </datafield>
      <datafield tag="880" ind1=" " ind2=" ">
         <subfield code="6">520-06/</subfield>
         <subfield code="a">该书对夏县禹王城考古调查和发掘中所获得的400余件东周秦汉时期的瓦当进行了整理，分素面、涡纹、夔纹、文字、云纹五大类，其中云纹类是禹王城瓦当系列中最具特色者，故又细分为兽首式云纹、云龙纹、曲尺云纹、网心云纹等13类。400余件瓦当以拓片为主，不清楚者配以线图，读者可从中了解东周、秦汉时期禹王城瓦当的艺术特点。禹王城曾作为早期魏国之都，秦。汉河东郡治所在地以及东汉末年的临时首都，该地出土的瓦当有相当的代表性，也有助于我们全面认识黄河中下游的瓦当使用情况.</subfield>
      </datafield>
      <datafield tag="880" ind1="1" ind2=" ">
         <subfield code="6">700-07/</subfield>
         <subfield code="a">黄永久.</subfield>
      </datafield>
      <datafield tag="994" ind1=" " ind2=" ">
         <subfield code="a">Z0</subfield>
         <subfield code="b">ZYU</subfield>
      </datafield>
      <datafield tag="OWN" ind1=" " ind2=" ">
         <subfield code="a">GENERAL</subfield>
      </datafield>
      <datafield tag="AVA" ind1=" " ind2=" ">
         <subfield code="a">NYU50</subfield>
         <subfield code="b">NISAW</subfield>
         <subfield code="c">Small Collection</subfield>
         <subfield code="d">NA3705.C6 Z43 2010</subfield>
         <subfield code="e">available</subfield>
         <subfield code="t">Available</subfield>
         <subfield code="f">1</subfield>
         <subfield code="g">0</subfield>
         <subfield code="h">N</subfield>
         <subfield code="i">0</subfield>
         <subfield code="j">SMALL</subfield>
         <subfield code="k">0</subfield>
      </datafield>
      <marc:datafield tag="852" ind1=" " ind2=" ">
         <marc:subfield code="b">Institute for the Study of the Ancient World, </marc:subfield>
         <marc:subfield code="c">Small Collection</marc:subfield>
         <marc:subfield code="e">15 East 84th St., </marc:subfield>
         <marc:subfield code="e">New York, NY  10028</marc:subfield>
      </marc:datafield>
   </record>