
  
  
  
  
  
 
  
  <record xsi:schemaLocation="http://www.loc.gov/MARC21/slim http://www.loc.gov/standards/marcxml/schema/MARC21slim.xsd">
      <leader>00000cam  2200733 a 4500</leader>
      <controlfield tag="FMT">BK</controlfield>
      <controlfield tag="LDR">00000cam  2200733 a 4500</controlfield>
      <controlfield tag="001">004050444</controlfield>
      <controlfield tag="003">OCoLC</controlfield>
      <controlfield tag="005">20141020095846.0</controlfield>
      <controlfield tag="008">141020s1979    cc a          000 0 chi</controlfield>
      <datafield tag="016" ind1="7" ind2=" ">
         <subfield code="a">8102054</subfield>
         <subfield code="2">DNLM</subfield>
      </datafield>
      <datafield tag="035" ind1=" " ind2=" ">
         <subfield code="a">(OCoLC)7739642</subfield>
         <subfield code="z">(OCoLC)47159144</subfield>
      </datafield>
      <datafield tag="040" ind1=" " ind2=" ">
         <subfield code="a">NLM</subfield>
         <subfield code="b">eng</subfield>
         <subfield code="c">NLM</subfield>
         <subfield code="d">CUY</subfield>
         <subfield code="d">EYM</subfield>
         <subfield code="d">LOA</subfield>
         <subfield code="d">CUN</subfield>
         <subfield code="d">HMY</subfield>
         <subfield code="d">CGU</subfield>
         <subfield code="d">STF</subfield>
         <subfield code="d">OCLCO</subfield>
         <subfield code="d">OCLCQ</subfield>
         <subfield code="d">OCLCO</subfield>
         <subfield code="d">ZYU</subfield>
         <subfield code="d">NNU</subfield>
      </datafield>
      <datafield tag="043" ind1=" " ind2=" ">
         <subfield code="a">a-cc---</subfield>
      </datafield>
      <datafield tag="050" ind1=" " ind2="4">
         <subfield code="a">PL2447</subfield>
         <subfield code="b">.M3 1979</subfield>
      </datafield>
      <datafield tag="066" ind1=" " ind2=" ">
         <subfield code="c">$1</subfield>
      </datafield>
      <datafield tag="110" ind1="2" ind2=" ">
         <subfield code="a">Mawangdui Han mu bo shu zheng li xiao zu</subfield>
         <subfield code="6">880-01</subfield>
      </datafield>
      <datafield tag="242" ind1="0" ind2="0">
         <subfield code="a">Fifty-two prescriptions.</subfield>
         <subfield code="y">eng</subfield>
      </datafield>
      <datafield tag="245" ind1="1" ind2="0">
         <subfield code="6">880-02</subfield>
         <subfield code="a">Wu shi er bing fang /</subfield>
         <subfield code="c">Mawangdui Han mu bo shu zheng li xiao zu, bian.</subfield>
      </datafield>
      <datafield tag="250" ind1=" " ind2=" ">
         <subfield code="6">880-03</subfield>
         <subfield code="a">Di 1 ban.</subfield>
      </datafield>
      <datafield tag="260" ind1=" " ind2=" ">
         <subfield code="6">880-04</subfield>
         <subfield code="a">Beijing :</subfield>
         <subfield code="b">Wen wu chu ban she,</subfield>
         <subfield code="c">1979.</subfield>
      </datafield>
      <datafield tag="300" ind1=" " ind2=" ">
         <subfield code="a">208 pages :</subfield>
         <subfield code="b">illustrations ;</subfield>
         <subfield code="c">21 cm.</subfield>
      </datafield>
      <datafield tag="336" ind1=" " ind2=" ">
         <subfield code="a">text</subfield>
         <subfield code="b">txt</subfield>
         <subfield code="2">rdacontent</subfield>
      </datafield>
      <datafield tag="337" ind1=" " ind2=" ">
         <subfield code="a">unmediated</subfield>
         <subfield code="b">n</subfield>
         <subfield code="2">rdamedia</subfield>
      </datafield>
      <datafield tag="338" ind1=" " ind2=" ">
         <subfield code="a">volume</subfield>
         <subfield code="b">nc</subfield>
         <subfield code="2">rdacarrier</subfield>
      </datafield>
      <datafield tag="490" ind1="1" ind2=" ">
         <subfield code="6">880-05</subfield>
         <subfield code="a">Mawangdui Han mu bo shu</subfield>
      </datafield>
      <datafield tag="500" ind1=" " ind2=" ">
         <subfield code="a">Reproduction of material excavated in 1973 from no. 3 Han tomb at Mawangdui, Changsha, China.</subfield>
      </datafield>
      <datafield tag="505" ind1="0" ind2=" ">
         <subfield code="6">880-06</subfield>
         <subfield code="a">Zu bi shi yi mai jiu jing -- Ying yang shi yi mai jiu jing jia ben -- Mai fa -- Ying yang mai si hou -- Wu shi er bing fang -- Yu Mawangdui bo shu si zhong gu yi xue yi shu jian jie / Zhong yi yan jiu yuan yi shi wen xian yan jiu shi -- Cong san zhong gu jing mai wen xian kan jing luo xue shuo de xing cheng he fa zhan / Zhong yi yan jiu yuan yi shi wen xian yan jiu shi -- Wo guo xian yi fa xian de zui gu yi fang, bo shu "Wu shi er bing fang" / Ma Jixing.</subfield>
      </datafield>
      <datafield tag="650" ind1=" " ind2="2">
         <subfield code="a">Formularies as Topic</subfield>
         <subfield code="z">China.</subfield>
      </datafield>
      <datafield tag="650" ind1=" " ind2="2">
         <subfield code="a">Medicine, East Asian Traditional</subfield>
         <subfield code="z">China.</subfield>
      </datafield>
      <datafield tag="650" ind1=" " ind2="2">
         <subfield code="a">Moxibustion</subfield>
         <subfield code="z">China.</subfield>
      </datafield>
      <datafield tag="650" ind1=" " ind2="0">
         <subfield code="a">Paleography, Chinese.</subfield>
      </datafield>
      <datafield tag="650" ind1=" " ind2="0">
         <subfield code="a">Medicine, Chinese</subfield>
         <subfield code="v">Early works to 1800.</subfield>
      </datafield>
      <datafield tag="651" ind1=" " ind2="0">
         <subfield code="a">China</subfield>
         <subfield code="x">Antiquities.</subfield>
      </datafield>
      <datafield tag="776" ind1="0" ind2="8">
         <subfield code="i">Online version:</subfield>
         <subfield code="a">Mawangdui Han mu bo shu zheng li xiao zu.</subfield>
         <subfield code="t">Wu shi er bing fang.</subfield>
         <subfield code="d">Peking : Wen wu chu ban she, 1979</subfield>
         <subfield code="w">(OCoLC)654716934</subfield>
      </datafield>
      <datafield tag="880" ind1="2" ind2=" ">
         <subfield code="6">110-01/</subfield>
         <subfield code="a">馬王堆汉墓帛书整理小組.</subfield>
      </datafield>
      <datafield tag="880" ind1="1" ind2="0">
         <subfield code="6">245-02/</subfield>
         <subfield code="a">五十二病方 /</subfield>
         <subfield code="c">馬王堆汉墓帛书整理小組編.</subfield>
      </datafield>
      <datafield tag="880" ind1=" " ind2=" ">
         <subfield code="6">250-03/</subfield>
         <subfield code="a">第1版.</subfield>
      </datafield>
      <datafield tag="880" ind1=" " ind2=" ">
         <subfield code="6">260-04/</subfield>
         <subfield code="a">北京 :</subfield>
         <subfield code="b">文物出版社 :</subfield>
         <subfield code="b">新华书店发行,</subfield>
         <subfield code="c">1979.</subfield>
      </datafield>
      <datafield tag="880" ind1="1" ind2=" ">
         <subfield code="6">490-05/</subfield>
         <subfield code="a">马王堆汉墓帛书</subfield>
      </datafield>
      <datafield tag="880" ind1="0" ind2=" ">
         <subfield code="6">505-06/</subfield>
         <subfield code="a">足臂十一脉灸经 -- 阴阳十一脉灸经甲本 -- 脉法 -- 阴阳脉死侯 -- 五十二病方 -- 与马王堆帛书四种古医学佚书簡介 / 中医研究院医史文獻研究室 -- 从三种古经脉文献看经络学说的形成和发展 / 中医研究院医史文獻研究室 -- 我国现己发现的最古医方, 帛书《五十二病方》 / 马继兴.</subfield>
      </datafield>
      <datafield tag="880" ind1="1" ind2="2">
         <subfield code="6">700-00/</subfield>
         <subfield code="a">马继兴.</subfield>
         <subfield code="t">我国现己发现的最古医方, 帛书《五十二病方》.</subfield>
      </datafield>
      <datafield tag="880" ind1="2" ind2="2">
         <subfield code="6">710-00/</subfield>
         <subfield code="a">中医研究院(Beijing, China).</subfield>
         <subfield code="b">医史文獻研究室.</subfield>
         <subfield code="t">马王堆帛书四种古医学佚书簡介.</subfield>
      </datafield>
      <datafield tag="880" ind1="2" ind2="2">
         <subfield code="6">710-00/</subfield>
         <subfield code="a">中医研究院(Beijing, China).</subfield>
         <subfield code="b">医史文獻研究室.</subfield>
         <subfield code="t">从三种古经脉文献看经络学说的形成和发展.</subfield>
      </datafield>
      <datafield tag="830" ind1=" " ind2="0">
         <subfield code="6">880-07</subfield>
         <subfield code="a">Mawangdui Han mu bo shu.</subfield>
      </datafield>
      <datafield tag="880" ind1=" " ind2="0">
         <subfield code="6">830-07/</subfield>
         <subfield code="a">马王堆汉墓帛书.</subfield>
      </datafield>
      <datafield tag="994" ind1=" " ind2=" ">
         <subfield code="a">Z0</subfield>
         <subfield code="b">ZYU</subfield>
      </datafield>
      <datafield tag="OWN" ind1=" " ind2=" ">
         <subfield code="a">GENERAL</subfield>
      </datafield>
      <datafield tag="AVA" ind1=" " ind2=" ">
         <subfield code="a">NYU50</subfield>
         <subfield code="b">NISAW</subfield>
         <subfield code="c">Small Collection</subfield>
         <subfield code="d">PL2447 .M3 1979</subfield>
         <subfield code="e">available</subfield>
         <subfield code="t">Available</subfield>
         <subfield code="f">1</subfield>
         <subfield code="g">0</subfield>
         <subfield code="h">N</subfield>
         <subfield code="i">0</subfield>
         <subfield code="j">SMALL</subfield>
         <subfield code="k">0</subfield>
      </datafield>
      <marc:datafield tag="852" ind1=" " ind2=" ">
         <marc:subfield code="b">Institute for the Study of the Ancient World, </marc:subfield>
         <marc:subfield code="c">Small Collection</marc:subfield>
         <marc:subfield code="e">15 East 84th St., </marc:subfield>
         <marc:subfield code="e">New York, NY  10028</marc:subfield>
      </marc:datafield>
   </record>