
  
  
  
  
  
 
  
  <record xsi:schemaLocation="http://www.loc.gov/MARC21/slim http://www.loc.gov/standards/marcxml/schema/MARC21slim.xsd">
      <leader>00000cam  2200853 a 4500</leader>
      <controlfield tag="FMT">BK</controlfield>
      <controlfield tag="LDR">00000cam  2200853 a 4500</controlfield>
      <controlfield tag="001">001585585</controlfield>
      <controlfield tag="003">OCoLC</controlfield>
      <controlfield tag="005">20141020112401.0</controlfield>
      <controlfield tag="008">991006s1999    is a     b    010 0 eng c</controlfield>
      <datafield tag="020" ind1=" " ind2=" ">
         <subfield code="a">9652229393</subfield>
      </datafield>
      <datafield tag="020" ind1=" " ind2=" ">
         <subfield code="a">9789652229397</subfield>
      </datafield>
      <datafield tag="035" ind1=" " ind2=" ">
         <subfield code="a">(OCoLC)42584951</subfield>
      </datafield>
      <datafield tag="040" ind1=" " ind2=" ">
         <subfield code="a">NDD</subfield>
         <subfield code="b">eng</subfield>
         <subfield code="c">NDD</subfield>
         <subfield code="d">COD</subfield>
         <subfield code="d">GZM</subfield>
         <subfield code="d">OCLCQ</subfield>
         <subfield code="d">NLGGC</subfield>
         <subfield code="d">HEBIS</subfield>
         <subfield code="d">DEBBG</subfield>
         <subfield code="d">J9U</subfield>
         <subfield code="d">MR4</subfield>
         <subfield code="d">OCLCF</subfield>
         <subfield code="d">NNU</subfield>
      </datafield>
      <datafield tag="041" ind1="0" ind2=" ">
         <subfield code="a">eng</subfield>
         <subfield code="a">fre</subfield>
         <subfield code="a">ger</subfield>
         <subfield code="a">heb</subfield>
      </datafield>
      <datafield tag="042" ind1=" " ind2=" ">
         <subfield code="a">pcc</subfield>
      </datafield>
      <datafield tag="043" ind1=" " ind2=" ">
         <subfield code="a">aw-----</subfield>
      </datafield>
      <datafield tag="050" ind1=" " ind2="4">
         <subfield code="a">PJ3002.Z5</subfield>
         <subfield code="b">H45 1999</subfield>
      </datafield>
      <datafield tag="066" ind1=" " ind2=" ">
         <subfield code="c">(2</subfield>
      </datafield>
      <datafield tag="082" ind1="0" ind2="4">
         <subfield code="a">492</subfield>
         <subfield code="b">M621, 1999</subfield>
         <subfield code="2">21</subfield>
      </datafield>
      <datafield tag="084" ind1=" " ind2=" ">
         <subfield code="a">18.70</subfield>
         <subfield code="2">bcl</subfield>
      </datafield>
      <datafield tag="084" ind1=" " ind2=" ">
         <subfield code="a">15.75</subfield>
         <subfield code="2">bcl</subfield>
      </datafield>
      <datafield tag="084" ind1=" " ind2=" ">
         <subfield code="a">LE 6181</subfield>
         <subfield code="2">rvk</subfield>
      </datafield>
      <datafield tag="245" ind1="0" ind2="0">
         <subfield code="a">Michael :</subfield>
         <subfield code="b">historical, epigraphical and biblical studies in honor of Prof. Michael Heltzer /</subfield>
         <subfield code="c">editors, Yitzhak Avishur and Robert Deutsch.</subfield>
      </datafield>
      <datafield tag="246" ind1="1" ind2="5">
         <subfield code="6">880-01</subfield>
         <subfield code="a">Mikhaʼel :</subfield>
         <subfield code="b">meḥḳarim be-historyah, be-epigrafyah uva-miḳra li-khevod Prof. Mikhaʼel Heltser</subfield>
      </datafield>
      <datafield tag="260" ind1=" " ind2=" ">
         <subfield code="a">Tel Aviv :</subfield>
         <subfield code="b">Archaeological Center Publications,</subfield>
         <subfield code="c">1999.</subfield>
      </datafield>
      <datafield tag="300" ind1=" " ind2=" ">
         <subfield code="a">301, 145 p. :</subfield>
         <subfield code="b">ill. (1 col.) ;</subfield>
         <subfield code="c">28 cm.</subfield>
      </datafield>
      <datafield tag="546" ind1=" " ind2=" ">
         <subfield code="a">Contributions in English, French, German and Hebrew; additional title page in Hebrew.</subfield>
      </datafield>
      <datafield tag="504" ind1=" " ind2=" ">
         <subfield code="a">Includes bibliographical references (p. 295-301).</subfield>
      </datafield>
      <datafield tag="504" ind1=" " ind2=" ">
         <subfield code="a">"Bibliography of M. Heltzer's Writings"-p. 5-32.</subfield>
      </datafield>
      <datafield tag="505" ind1="0" ind2="0">
         <subfield code="t">An Edomite Ostracon /</subfield>
         <subfield code="r">Aḥituv, Shmuel --</subfield>
         <subfield code="t">Hypothéses sur quatre "tessères" phéniciennes inscirtes /</subfield>
         <subfield code="r">Amadasi-Guzzo, Maria J. --</subfield>
         <subfield code="t">Clothes in Ebla /</subfield>
         <subfield code="r">Archi, Alfonso --</subfield>
         <subfield code="t">Ebla and us /</subfield>
         <subfield code="r">Artzi, Pinḥas --</subfield>
         <subfield code="t">L'inscription qatabanite de la porte nord de Timnaʻ /</subfield>
         <subfield code="r">Bron, François --</subfield>
         <subfield code="t">Lasttiere und Einige Landfahrzeuge /</subfield>
         <subfield code="r">Buchholz, Hans-Günter --</subfield>
         <subfield code="t">Temple archers in the neo-Babylonian Sippar /</subfield>
         <subfield code="r">Dandamayev, Mohammed --</subfield>
         <subfield code="t">The Semitic personal pronouns: a preliminary etymological approach /</subfield>
         <subfield code="r">Olmo Lete, Gregorio del --</subfield>
         <subfield code="t">A royal Ammonite seal impression /</subfield>
         <subfield code="r">Deutsch, Robert --</subfield>
         <subfield code="t">Die ugaritische El-Dämonologie: Untersuchungen zu den Wortpaaren tkm il s̆iy und aklm ʻqqm /</subfield>
         <subfield code="r">Loretz, Oswald --</subfield>
         <subfield code="t">The Tel Dan Stele and its historical significance /</subfield>
         <subfield code="r">Dion, Paul E. --</subfield>
         <subfield code="t">On the etymology of Hebrew [leḥem (romanized form)] /</subfield>
         <subfield code="r">Dolgopolsky, Aharon --</subfield>
         <subfield code="t">Genesis 1:1, an archaeological approach /</subfield>
         <subfield code="r">Frendo, Anthony J. --</subfield>
         <subfield code="t">The consecutive imperfect in Semitic epigraphy /</subfield>
         <subfield code="r">Gruntfest, Yaakov --</subfield>
         <subfield code="t">Der unbotmässige Sohn in altorientalischen Rechtscorpora /</subfield>
         <subfield code="r">Haase, Richard --</subfield>
         <subfield code="t">Epidemien im spätbronzezeitlichen Syrien-Palästina /</subfield>
         <subfield code="r">Klengel, Horst --</subfield>
      </datafield>
      <datafield tag="505" ind1="0" ind2="0">
         <subfield code="t">Coupe astrale inscrite et astronomie araméenne /</subfield>
         <subfield code="r">Lemaire, André --</subfield>
         <subfield code="t">"Lion" and "lioness" in northwest Semitic /</subfield>
         <subfield code="r">Lipiński, Edward --</subfield>
         <subfield code="t">Some measures of population control in the ancient near east /</subfield>
         <subfield code="r">Malul, Meir --</subfield>
         <subfield code="t">Oral proclamation and written record: spreading and preserving information in ancient Israel /</subfield>
         <subfield code="r">Millard, Alan --</subfield>
         <subfield code="t">Hebräisch [molek (romanized form)] und punisch ml(ʼ)k(t) /</subfield>
         <subfield code="r">Müller, Hans-Peter --</subfield>
         <subfield code="t">Notes on Israelian Hebrew /</subfield>
         <subfield code="r">Rendsburg, Gary A. --</subfield>
         <subfield code="t">The Assyrian lion weights from Nimrud and the "mina of the land" /</subfield>
         <subfield code="r">Zaccagnini, Carlo --</subfield>
         <subfield code="t">The ethno-linguistic character of the Semitic-speaking population (excluding Judeo-Samaritans) of Syria in the Hellenistic, Roman and Byzantine periods: a preliminary and tentative survey of the onomastic evidence /</subfield>
         <subfield code="r">Zadok, Ran --</subfield>
         <subfield code="g">Thirteen (13) articles in Hebrew.</subfield>
      </datafield>
      <datafield tag="500" ind1=" " ind2=" ">
         <subfield code="a">ISAW copy is from the Library of Hayim and Miriam Tadmor.</subfield>
         <subfield code="5">NNU</subfield>
      </datafield>
      <datafield tag="600" ind1="1" ind2="0">
         <subfield code="a">Heltzer, Michael.</subfield>
      </datafield>
      <datafield tag="600" ind1="1" ind2="0">
         <subfield code="a">Heltzer, Michael</subfield>
         <subfield code="v">Bibliography.</subfield>
      </datafield>
      <datafield tag="650" ind1=" " ind2="0">
         <subfield code="a">Inscriptions, Semitic.</subfield>
      </datafield>
      <datafield tag="650" ind1=" " ind2="0">
         <subfield code="a">Inscriptions, Hebrew.</subfield>
      </datafield>
      <datafield tag="650" ind1=" " ind2="0">
         <subfield code="a">Semitic philology.</subfield>
      </datafield>
      <datafield tag="651" ind1=" " ind2="0">
         <subfield code="a">Middle East</subfield>
         <subfield code="x">Antiquities.</subfield>
      </datafield>
      <datafield tag="651" ind1=" " ind2="0">
         <subfield code="a">Middle East</subfield>
         <subfield code="x">History</subfield>
         <subfield code="y">To 622.</subfield>
      </datafield>
      <datafield tag="650" ind1="1" ind2="7">
         <subfield code="a">Oudheid.</subfield>
         <subfield code="2">gtt</subfield>
      </datafield>
      <datafield tag="650" ind1="1" ind2="7">
         <subfield code="a">Semitische talen.</subfield>
         <subfield code="2">gtt</subfield>
      </datafield>
      <datafield tag="650" ind1="1" ind2="7">
         <subfield code="a">Taalkunde.</subfield>
         <subfield code="2">gtt</subfield>
      </datafield>
      <datafield tag="651" ind1=" " ind2="7">
         <subfield code="a">Midden-Oosten.</subfield>
         <subfield code="2">gtt</subfield>
      </datafield>
      <datafield tag="600" ind1="1" ind2="7">
         <subfield code="a">Heltser, Mikha'el.</subfield>
         <subfield code="2">swd</subfield>
      </datafield>
      <datafield tag="600" ind1="1" ind2="7">
         <subfield code="a">Heltzer, Michael.</subfield>
         <subfield code="2">fast</subfield>
         <subfield code="0">(OCoLC)fst00100745</subfield>
      </datafield>
      <datafield tag="650" ind1=" " ind2="7">
         <subfield code="a">Antiquities.</subfield>
         <subfield code="2">fast</subfield>
         <subfield code="0">(OCoLC)fst00810745</subfield>
      </datafield>
      <datafield tag="650" ind1=" " ind2="7">
         <subfield code="a">Inscriptions, Hebrew.</subfield>
         <subfield code="2">fast</subfield>
         <subfield code="0">(OCoLC)fst00973883</subfield>
      </datafield>
      <datafield tag="650" ind1=" " ind2="7">
         <subfield code="a">Inscriptions, Semitic.</subfield>
         <subfield code="2">fast</subfield>
         <subfield code="0">(OCoLC)fst00973955</subfield>
      </datafield>
      <datafield tag="650" ind1=" " ind2="7">
         <subfield code="a">Semitic philology.</subfield>
         <subfield code="2">fast</subfield>
         <subfield code="0">(OCoLC)fst01112420</subfield>
      </datafield>
      <datafield tag="651" ind1=" " ind2="7">
         <subfield code="a">Middle East.</subfield>
         <subfield code="2">fast</subfield>
         <subfield code="0">(OCoLC)fst01241586</subfield>
      </datafield>
      <datafield tag="648" ind1=" " ind2="7">
         <subfield code="a">To 622</subfield>
         <subfield code="2">fast</subfield>
      </datafield>
      <datafield tag="655" ind1=" " ind2="7">
         <subfield code="a">Bibliography.</subfield>
         <subfield code="2">fast</subfield>
         <subfield code="0">(OCoLC)fst01423717</subfield>
      </datafield>
      <datafield tag="796" ind1="1" ind2=" ">
         <subfield code="a">Tadmor, Hayim,</subfield>
         <subfield code="e">former owner.</subfield>
      </datafield>
      <datafield tag="796" ind1="1" ind2=" ">
         <subfield code="a">Tadmor, Miriam,</subfield>
         <subfield code="e">former owner.</subfield>
      </datafield>
      <datafield tag="797" ind1="2" ind2=" ">
         <subfield code="a">Tadmor Collection.</subfield>
      </datafield>
      <datafield tag="700" ind1="1" ind2=" ">
         <subfield code="a">Heltzer, Michael.</subfield>
      </datafield>
      <datafield tag="700" ind1="1" ind2=" ">
         <subfield code="a">Avishur, Yitsḥaḳ.</subfield>
      </datafield>
      <datafield tag="700" ind1="1" ind2=" ">
         <subfield code="a">Deutsch, Robert.</subfield>
      </datafield>
      <datafield tag="880" ind1="1" ind2="5">
         <subfield code="6">246-01/</subfield>
         <subfield code="a">מיכאל :</subfield>
         <subfield code="b">מחקרים בהסטוריה, באפיגרפיה ובמקרא לכבוד פרופ' מיכאל הלצר</subfield>
      </datafield>
      <datafield tag="880" ind1=" " ind2=" ">
         <subfield code="6">260-00/</subfield>
         <subfield code="a">תל-אביב-יפו :</subfield>
         <subfield code="b">פרסומי מרכז ארכיאולוגי,</subfield>
         <subfield code="c">1999.</subfield>
      </datafield>
      <datafield tag="880" ind1=" " ind2=" ">
         <subfield code="6">500-00/</subfield>
         <subfield code="a">שער נוסף: מיכאל.</subfield>
      </datafield>
      <datafield tag="OWN" ind1=" " ind2=" ">
         <subfield code="a">GENERAL</subfield>
      </datafield>
      <datafield tag="AVA" ind1=" " ind2=" ">
         <subfield code="a">NYU50</subfield>
         <subfield code="b">BOBST</subfield>
         <subfield code="c">Main Collection</subfield>
         <subfield code="d">DS42.4 .H45 1999</subfield>
         <subfield code="e">unavailable</subfield>
         <subfield code="t">Unavailable</subfield>
         <subfield code="f">1</subfield>
         <subfield code="g">1</subfield>
         <subfield code="h">N</subfield>
         <subfield code="i">8</subfield>
         <subfield code="j">MAIN</subfield>
         <subfield code="k">0</subfield>
      </datafield>
      <datafield tag="AVA" ind1=" " ind2=" ">
         <subfield code="a">NYU50</subfield>
         <subfield code="b">NISAW</subfield>
         <subfield code="c">Large Collection</subfield>
         <subfield code="d">PJ3002.Z5 H45 1999</subfield>
         <subfield code="e">available</subfield>
         <subfield code="t">Available</subfield>
         <subfield code="f">1</subfield>
         <subfield code="g">0</subfield>
         <subfield code="h">N</subfield>
         <subfield code="i">0</subfield>
         <subfield code="j">LARGE</subfield>
         <subfield code="k">0</subfield>
      </datafield>
      <marc:datafield tag="852" ind1=" " ind2=" ">
         <marc:subfield code="b">Institute for the Study of the Ancient World, </marc:subfield>
         <marc:subfield code="c">Large Collection</marc:subfield>
         <marc:subfield code="e">15 East 84th St., </marc:subfield>
         <marc:subfield code="e">New York, NY  10028</marc:subfield>
      </marc:datafield>
   </record>