
  
  
  
  
  
  
  
  
 
  
  <record xsi:schemaLocation="http://www.loc.gov/MARC21/slim http://www.loc.gov/standards/marcxml/schema/MARC21slim.xsd">
      <leader>00000cam  2200877 a 4500</leader>
      <controlfield tag="FMT">BK</controlfield>
      <controlfield tag="LDR">00000cam  2200877 a 4500</controlfield>
      <controlfield tag="001">004051130</controlfield>
      <controlfield tag="003">OCoLC</controlfield>
      <controlfield tag="005">20141021115625.0</controlfield>
      <controlfield tag="008">141021s2011    cc ab    b    100 0 chi d</controlfield>
      <datafield tag="010" ind1=" " ind2=" ">
         <subfield code="a">2012390281</subfield>
      </datafield>
      <datafield tag="020" ind1=" " ind2=" ">
         <subfield code="a">9787030328793 :</subfield>
         <subfield code="c">RMB218.00</subfield>
      </datafield>
      <datafield tag="020" ind1=" " ind2=" ">
         <subfield code="a">7030328795</subfield>
      </datafield>
      <datafield tag="035" ind1=" " ind2=" ">
         <subfield code="a">(OCoLC)775066840</subfield>
      </datafield>
      <datafield tag="040" ind1=" " ind2=" ">
         <subfield code="a">BCBTC</subfield>
         <subfield code="b">eng</subfield>
         <subfield code="c">BCBTC</subfield>
         <subfield code="d">DLC</subfield>
         <subfield code="d">CNPIT</subfield>
         <subfield code="d">HUA</subfield>
         <subfield code="d">OCLCO</subfield>
         <subfield code="d">PIT</subfield>
         <subfield code="d">OCLCO</subfield>
         <subfield code="d">CCHGZ</subfield>
         <subfield code="d">OCLCA</subfield>
         <subfield code="d">OCLCF</subfield>
         <subfield code="d">OCLCO</subfield>
         <subfield code="d">ZYU</subfield>
         <subfield code="d">NNU</subfield>
      </datafield>
      <datafield tag="041" ind1="0" ind2=" ">
         <subfield code="a">chi</subfield>
         <subfield code="f">eng</subfield>
      </datafield>
      <datafield tag="042" ind1=" " ind2=" ">
         <subfield code="a">lccopycat</subfield>
      </datafield>
      <datafield tag="043" ind1=" " ind2=" ">
         <subfield code="a">a-cc-ho</subfield>
      </datafield>
      <datafield tag="050" ind1="0" ind2="0">
         <subfield code="a">DS797.44.A583</subfield>
         <subfield code="b">Y565 2008</subfield>
      </datafield>
      <datafield tag="066" ind1=" " ind2=" ">
         <subfield code="c">$1</subfield>
      </datafield>
      <datafield tag="082" ind1="1" ind2="4">
         <subfield code="a">951</subfield>
         <subfield code="2">22</subfield>
      </datafield>
      <datafield tag="084" ind1=" " ind2=" ">
         <subfield code="a">K878.04</subfield>
         <subfield code="2">clc</subfield>
      </datafield>
      <datafield tag="084" ind1=" " ind2=" ">
         <subfield code="a">K871.34</subfield>
         <subfield code="2">clc</subfield>
      </datafield>
      <datafield tag="111" ind1="2" ind2=" ">
         <subfield code="6">880-01</subfield>
         <subfield code="a">Yinxu ke xue fa jue 80 zhou nian kao gu yu wen hua yi chan lun tan</subfield>
         <subfield code="d">(2008 :</subfield>
         <subfield code="c">Anyang Shi, China)</subfield>
      </datafield>
      <datafield tag="245" ind1="1" ind2="0">
         <subfield code="6">880-02</subfield>
         <subfield code="a">Yinxu yu Shang wen hua :</subfield>
         <subfield code="b">Yinxu ke xue fa jue 80 zhou nian ji nian wen ji /</subfield>
         <subfield code="c">Tang Jigen, Yue Hongbin zhu bian; Zhongguo she hui ke xue yuan kao gu yan jiu suo bian.</subfield>
      </datafield>
      <datafield tag="246" ind1="3" ind2="0">
         <subfield code="6">880-03</subfield>
         <subfield code="a">Yinxu ke xue fa jue 80 zhou nian ji nian wen ji</subfield>
      </datafield>
      <datafield tag="250" ind1=" " ind2=" ">
         <subfield code="6">880-04</subfield>
         <subfield code="a">Di 1 ban.</subfield>
      </datafield>
      <datafield tag="260" ind1=" " ind2=" ">
         <subfield code="6">880-05</subfield>
         <subfield code="a">Beijing :</subfield>
         <subfield code="b">Ke xue chu ban she,</subfield>
         <subfield code="c">2011.</subfield>
      </datafield>
      <datafield tag="300" ind1=" " ind2=" ">
         <subfield code="a">xiii, 660 p. :</subfield>
         <subfield code="b">ill., maps ;</subfield>
         <subfield code="c">27 cm.</subfield>
      </datafield>
      <datafield tag="500" ind1=" " ind2=" ">
         <subfield code="a">Papers presented at the conference held Oct. 29-31, 2008 in Anyang County, China.</subfield>
      </datafield>
      <datafield tag="504" ind1=" " ind2=" ">
         <subfield code="a">Includes bibliographical references.</subfield>
      </datafield>
      <datafield tag="546" ind1=" " ind2=" ">
         <subfield code="a">Table of contents also in English.</subfield>
      </datafield>
      <datafield tag="505" ind1="0" ind2="0">
         <subfield code="6">880-06</subfield>
         <subfield code="g">Yinxu yu Shang wen hua.</subfield>
         <subfield code="t">Yinxu wang ling nian dai tan lun /</subfield>
         <subfield code="r">Fanf Yuzhou --</subfield>
         <subfield code="t">Yixu yi shi yi zu ji zhi yan jiu /</subfield>
         <subfield code="r">Du Jinpeng --</subfield>
         <subfield code="t">Lun Anyang Yinxu wei gou de fa xian ji qi yi yi /</subfield>
         <subfield code="r">Zhang Zhenxiang --</subfield>
         <subfield code="t">Guan yu Yinxu gong miao qu wen ti de ji dian si kao /</subfield>
         <subfield code="r">Gu Fei --</subfield>
         <subfield code="t">Shang dai yong yu de wu zhi xing /</subfield>
         <subfield code="r">Jing Zhichun, Tang Jigeng, He Yu, Xu Guangde --</subfield>
         <subfield code="t">Shang dai de ji liang ji yuan chu tan : jian lun Shang dai qing tong ji xing qi de gong yong /</subfield>
         <subfield code="r">Yue Hongbing, Yue Zhanwei, He Yuling --</subfield>
         <subfield code="t">Shang mo Zhou chu qing tong yi qi de duan dai ji qi zhi zuo di /</subfield>
         <subfield code="r">Nietiechunzi --</subfield>
         <subfield code="t">Anyang Yinxu bian yuan qu yu kao gu gai shu /</subfield>
         <subfield code="r">Meng Xianwu, Li Guichang --</subfield>
         <subfield code="t">Yao keng mu zang de yan jiu xian zhuang ji xiang guan wen ti /</subfield>
         <subfield code="r">Zhangg Qingjiu --</subfield>
         <subfield code="t">Yinxu “Hu shou ren sheng” shi diao xiang he “Jiang liang” /</subfield>
         <subfield code="r">Liu Yuan --</subfield>
         <subfield code="t">Cong qing tong bing qi kan Xia Shang shi qi zhong yuan di qu zai zao qi wen ming zhong de di wei /</subfield>
         <subfield code="r">Guo Yanli, Fan Jianguo --</subfield>
         <subfield code="t">Guan yu Yinxu Xiaotun dong bei di zhu tong zuo fang nian dai de zai tan tao /</subfield>
         <subfield code="r">Ling Muwu --</subfield>
         <subfield code="t">Yinxu mu zang zhong qing tong sheng chan gong ju zu he de chu bu yan jiu /</subfield>
         <subfield code="r">Kong Deming --</subfield>
      </datafield>
      <datafield tag="505" ind1="0" ind2="0">
         <subfield code="6">880-07</subfield>
         <subfield code="g">Yinxu yi wai di qu kao gu.</subfield>
         <subfield code="t">Shang wen hua jie duan hua fen tan suo /</subfield>
         <subfield code="r">Zhang Guoshuo --</subfield>
         <subfield code="t">Zhongguo gu dai du cheng de gui hua mo shi chu bu yan jiu : cong Xian Shang Zhou shi qi de du cheng gui huaa tan qi /</subfield>
         <subfield code="r">Niu Shishan --</subfield>
         <subfield code="t">Shang dai fen feng zhi de chan sheng yu fa zhan /</subfield>
         <subfield code="r">Yu Yihua --</subfield>
         <subfield code="t">Guo zhi da shi: Shang dai wan qi zhong de li zhi gai liang /</subfield>
         <subfield code="r">Jignyudi --</subfield>
         <subfield code="t">“Yin cai Zhong yong” yu Zhou yuan feng chu jai gu xing zhi chu shi /</subfield>
         <subfield code="r">Xu Lianggao --</subfield>
         <subfield code="t">Gai ge kai fang san shi nian Zhengzhou Shang wen hua yan jiu xin jing zhan shu yao /</subfield>
         <subfield code="r">Li Weiming --</subfield>
         <subfield code="t">Tao si wen hua yuan shi zong jiao xing yang li ce ji qi te dian shi xi : Tao si chu tu de yi shu pin yu yuan shi zong jiao /</subfield>
         <subfield code="r">He Nu --</subfield>
         <subfield code="t">Shi xi Liu li he Shang Zhou ju zhi chu tu de tao qi : jian tan yu mu zang tao qi fen qi zhi dui bi /</subfield>
         <subfield code="r">Yin Qun --</subfield>
      </datafield>
      <datafield tag="505" ind1="0" ind2="0">
         <subfield code="6">880-08</subfield>
         <subfield code="g">Jia gu wen, Jin wen yu Shang wen hua.</subfield>
         <subfield code="t">Zhengzhou, Daxingzhuang bu gu: Yin Shang shi qi Anyang nan bu, dong bu de wen zi /</subfield>
         <subfield code="r">Gaomingqianyi --</subfield>
         <subfield code="t">Shang Zhou jia gu shi wu de xing tai yan jiu /</subfield>
         <subfield code="r">Huang Tianshu --</subfield>
         <subfield code="t">Ji gu xin zhui he shi ze /</subfield>
         <subfield code="r">Cai Zhemao --</subfield>
         <subfield code="t">Wai ji bu ci chong du yu shang gu xian wang mi zong /</subfield>
         <subfield code="r">Ge Yinghui --</subfield>
         <subfield code="t">Yuan ti lei, lue ti lei bu ci zhi zai jian tao /</subfield>
         <subfield code="r">Chang Yaohua --</subfield>
         <subfield code="t">"Beijing da xue zhen cang jia gu wen zi" de ti li /</subfield>
         <subfield code="r">Li Zhongshu --</subfield>
         <subfield code="t">Jia gu wen zhong suo jian de Shang dai chao jing li yi /</subfield>
         <subfield code="r">Guo Xudong --</subfield>
         <subfield code="t">Cong Yinxu Huadong H3 bu ci pai pu kao cha Shang dai tian lie li /</subfield>
         <subfield code="r">Hang Jiangsu --</subfield>
         <subfield code="t">“Peng zun” yan jiu /</subfield>
         <subfield code="r">Yan Zhibing --</subfield>
         <subfield code="t">Yin bu ci tian lie di “Yi” zhi di wang kao: jian lun yi, yin, ye zhi di li jiu ge /</subfield>
         <subfield code="r">Zhu Yanmin --</subfield>
         <subfield code="t">Shuo jia gu wen zhong de “Jin lai gan zhi”、“Jin gan zhi” /</subfield>
         <subfield code="r">Sun Yabing --</subfield>
         <subfield code="t">Yin Shang zi ran tian shen de chong bai /</subfield>
         <subfield code="r">Guo Jingyun --</subfield>
      </datafield>
      <datafield tag="505" ind1="0" ind2="0">
         <subfield code="6">880-09</subfield>
         <subfield code="g">Kai fang lun tan.</subfield>
         <subfield code="t">Yinxu de bao hu yu li yong: di fang zheng fu de si yu xing /</subfield>
         <subfield code="r">Wang Zaifei --</subfield>
         <subfield code="t">e-Arch kao gu xin xi xi tong /</subfield>
         <subfield code="r">Zhang Tao, Tang Jigen, Niu Shishan, Feng Sihao, Li Xiaohan, Mao Yanhui --</subfield>
         <subfield code="t">Ban gan han huang jing chu tu qi mu qi de bing hai fen xi yu chu zhi bao hu yan jiu /</subfield>
         <subfield code="r">Li Cunxin, Zhang Hongyan --</subfield>
         <subfield code="t">Zou chu xiang yan ta de kao gu xue jia: ji Peter Ucko jiao shou /</subfield>
         <subfield code="r">Zhang Guangren --</subfield>
         <subfield code="t">Ke xu yan jiu bi xu an zhao ke xue gui cheng cao zuo “Xian Shang Zhou duan dai gong cheng” jie ti hou de fan si (san) /</subfield>
         <subfield code="r">Yin Weizhang --</subfield>
         <subfield code="t">Zhou wang de yao keng /</subfield>
         <subfield code="r">Yang Lian --</subfield>
         <subfield code="t">Tao tie zhi wen /</subfield>
         <subfield code="r">Yang Lian.</subfield>
      </datafield>
      <datafield tag="520" ind1=" " ind2=" ">
         <subfield code="6">880-10</subfield>
         <subfield code="a">Ben shu gong shou lu jin 40 pian gao zhi liang de xue shu wen zhang, nei rong she ji shi jie wen hua yi chan yu ren lei he ping, xue shu shi, xue shu li lun yu fang fa, Yinxu jian zhu ji zhi, Yinxu bu ju, xin cai liao bao dao, qi wu yan jiu, jia gu wen zi, Shang wang shi xi, Shang dai li zhi, Shang dai li shi di li, gong zhong kao gu, wen hua yi chan bao hu yi ji Xia Shang Zhou san dai kao gu xue deng ge ge ling yu.</subfield>
      </datafield>
      <datafield tag="651" ind1=" " ind2="0">
         <subfield code="a">Yinxu (Extinct city)</subfield>
         <subfield code="6">880-11</subfield>
         <subfield code="v">Congresses.</subfield>
      </datafield>
      <datafield tag="650" ind1=" " ind2="0">
         <subfield code="6">880-12</subfield>
         <subfield code="a">Excavations (Archaeology)</subfield>
         <subfield code="z">China</subfield>
         <subfield code="z">Yinxu (Extinct city)</subfield>
         <subfield code="v">Congresses.</subfield>
      </datafield>
      <datafield tag="651" ind1=" " ind2="0">
         <subfield code="a">China</subfield>
         <subfield code="x">History</subfield>
         <subfield code="y">Shang dynasty, 1766-1122 B.C.</subfield>
         <subfield code="v">Congresses.</subfield>
      </datafield>
      <datafield tag="651" ind1=" " ind2="0">
         <subfield code="a">China</subfield>
         <subfield code="x">Civilization</subfield>
         <subfield code="y">To 221 B.C.</subfield>
         <subfield code="v">Congresses.</subfield>
      </datafield>
      <datafield tag="651" ind1=" " ind2="0">
         <subfield code="a">Anyang Shi (China)</subfield>
         <subfield code="6">880-13</subfield>
         <subfield code="x">Antiquities</subfield>
         <subfield code="v">Congresses.</subfield>
      </datafield>
      <datafield tag="650" ind1=" " ind2="7">
         <subfield code="a">Antiquities.</subfield>
         <subfield code="2">fast</subfield>
         <subfield code="0">(OCoLC)fst00810745</subfield>
      </datafield>
      <datafield tag="650" ind1=" " ind2="7">
         <subfield code="a">Civilization.</subfield>
         <subfield code="2">fast</subfield>
         <subfield code="0">(OCoLC)fst00862898</subfield>
      </datafield>
      <datafield tag="650" ind1=" " ind2="7">
         <subfield code="a">Excavations (Archaeology)</subfield>
         <subfield code="2">fast</subfield>
         <subfield code="0">(OCoLC)fst00917564</subfield>
      </datafield>
      <datafield tag="650" ind1=" " ind2="7">
         <subfield code="a">Shang Dynasty (China)</subfield>
         <subfield code="2">fast</subfield>
         <subfield code="0">(OCoLC)fst01696775</subfield>
      </datafield>
      <datafield tag="651" ind1=" " ind2="7">
         <subfield code="a">China.</subfield>
         <subfield code="2">fast</subfield>
         <subfield code="0">(OCoLC)fst01206073</subfield>
      </datafield>
      <datafield tag="651" ind1=" " ind2="7">
         <subfield code="a">China</subfield>
         <subfield code="z">Anyang Shi.</subfield>
         <subfield code="2">fast</subfield>
         <subfield code="0">(OCoLC)fst01231013</subfield>
      </datafield>
      <datafield tag="651" ind1=" " ind2="7">
         <subfield code="a">China</subfield>
         <subfield code="z">Yinxu (Extinct city)</subfield>
         <subfield code="2">fast</subfield>
         <subfield code="0">(OCoLC)fst01897300</subfield>
      </datafield>
      <datafield tag="648" ind1=" " ind2="7">
         <subfield code="a">To 221 B.C.</subfield>
         <subfield code="2">fast</subfield>
      </datafield>
      <datafield tag="655" ind1=" " ind2="7">
         <subfield code="a">Conference proceedings.</subfield>
         <subfield code="2">fast</subfield>
         <subfield code="0">(OCoLC)fst01423772</subfield>
      </datafield>
      <datafield tag="655" ind1=" " ind2="7">
         <subfield code="a">History.</subfield>
         <subfield code="2">fast</subfield>
         <subfield code="0">(OCoLC)fst01411628</subfield>
      </datafield>
      <datafield tag="700" ind1="1" ind2=" ">
         <subfield code="a">Tang, Jigen</subfield>
         <subfield code="6">880-14</subfield>
      </datafield>
      <datafield tag="700" ind1="1" ind2=" ">
         <subfield code="a">Yue, Hongbin</subfield>
         <subfield code="6">880-15</subfield>
      </datafield>
      <datafield tag="710" ind1="2" ind2=" ">
         <subfield code="6">880-16</subfield>
         <subfield code="a">Zhongguo she hui ke xue yuan.</subfield>
         <subfield code="b">Kao gu yan jiu suo.</subfield>
      </datafield>
      <datafield tag="880" ind1="2" ind2=" ">
         <subfield code="6">111-01/</subfield>
         <subfield code="a">殷墟科学发掘80周年考古与文化遗产论坛</subfield>
         <subfield code="d">(2008 :</subfield>
         <subfield code="c">Anyang Shi, China)</subfield>
      </datafield>
      <datafield tag="880" ind1="1" ind2="0">
         <subfield code="6">245-02/</subfield>
         <subfield code="a">殷墟与商文化 :</subfield>
         <subfield code="b">殷墟科学发掘80周年纪念文集 /</subfield>
         <subfield code="c">唐际根, 岳洪彬主编; 中国社会科学院考古研究所编.</subfield>
      </datafield>
      <datafield tag="880" ind1="3" ind2="0">
         <subfield code="6">246-03/</subfield>
         <subfield code="a">殷墟科学发掘80周年纪念文集</subfield>
      </datafield>
      <datafield tag="880" ind1=" " ind2=" ">
         <subfield code="6">250-04/</subfield>
         <subfield code="a">第1版.</subfield>
      </datafield>
      <datafield tag="880" ind1=" " ind2=" ">
         <subfield code="6">260-05/</subfield>
         <subfield code="a">北京 :</subfield>
         <subfield code="b">科学出版社,</subfield>
         <subfield code="c">2011.</subfield>
      </datafield>
      <datafield tag="880" ind1="0" ind2="0">
         <subfield code="6">505-06/</subfield>
         <subfield code="g">殷墟与商文化.</subfield>
         <subfield code="t">殷墟王陵年代探论 /</subfield>
         <subfield code="r">范毓周 --</subfield>
         <subfield code="t">殷墟乙十一组基址研究 /</subfield>
         <subfield code="r">杜金鹏 --</subfield>
         <subfield code="t">论安阳殷墟围沟的发现及其意义 /</subfield>
         <subfield code="r">郑振香 --</subfield>
         <subfield code="t">关于殷墟宫庙区问题的几点思考 /</subfield>
         <subfield code="r">谷飞 --</subfield>
         <subfield code="t">商代用玉的物质性/</subfield>
         <subfield code="r">荆志淳, 唐际根, 何毓,灵 徐广德 --</subfield>
         <subfield code="t">商代的计量基元初探 : 兼论商代青铜箕形器的功用 /</subfield>
         <subfield code="r">岳洪彬 岳占伟 何毓灵 --</subfield>
         <subfield code="t">商末周初青铜彝器的断代及其制作地 /</subfield>
         <subfield code="r">内田纯子 --</subfield>
         <subfield code="t">安阳殷墟边缘区域考古概述 /</subfield>
         <subfield code="r">孟宪武 李贵昌 --</subfield>
         <subfield code="t">腰坑墓葬的研究现状及相关问题 /</subfield>
         <subfield code="r">张庆久 --</subfield>
         <subfield code="t">殷墟“虎首人身”石雕像和“彊良” /</subfield>
         <subfield code="r">刘源 --</subfield>
         <subfield code="t">从青铜兵器看夏商时期中原地区在早期文明中的地位 /</subfield>
         <subfield code="r">郭妍利, 范建国 --</subfield>
         <subfield code="t">关于殷墟小屯东北地铸铜作坊年代的再探讨 /</subfield>
         <subfield code="r">铃木舞 --</subfield>
         <subfield code="t">殷墟墓葬中青铜生产工具组合的初步研究 /</subfield>
         <subfield code="r">孔德铭 --</subfield>
      </datafield>
      <datafield tag="880" ind1="0" ind2="0">
         <subfield code="6">505-07/</subfield>
         <subfield code="g">殷墟以外地区考古.</subfield>
         <subfield code="t">商文化阶段划分探索 /</subfield>
         <subfield code="r">张国硕 --</subfield>
         <subfield code="t">中国古代都城的规划模式初步研究 : 从夏商周时期的都城规划谈起 /</subfield>
         <subfield code="r">牛世山 --</subfield>
         <subfield code="t">商代分封制的产生与发展 /</subfield>
         <subfield code="r">徐义华 --</subfield>
         <subfield code="t">国之大事:商代晚期中的礼制改良 /</subfield>
         <subfield code="r">江雨德 --</subfield>
         <subfield code="t">“殷材周用”与周原凤雏甲骨性质初识 /</subfield>
         <subfield code="r">徐良高 --</subfield>
         <subfield code="t">改革开放三十年郑州商文化研究新进展述要 /</subfield>
         <subfield code="r">李维明 --</subfield>
         <subfield code="t">陶寺文化原始宗教信仰蠡测及其特点试析: 陶寺出土的艺术品与原始宗教 /</subfield>
         <subfield code="r">何驽 --</subfield>
         <subfield code="t">试析琉璃河商周居址出土的陶器 : 兼谈与墓葬陶器分期之对比 /</subfield>
         <subfield code="r">印群 --</subfield>
      </datafield>
      <datafield tag="880" ind1="0" ind2="0">
         <subfield code="6">505-08/</subfield>
         <subfield code="g">甲骨文、金文与商文化.</subfield>
         <subfield code="t">郑州、大辛庄卜骨:殷商时期安阳南部、东部的文字 /</subfield>
         <subfield code="r">高*谦一 --</subfield>
         <subfield code="t">商周甲骨实物的形态研究 /</subfield>
         <subfield code="r">黄天树 --</subfield>
         <subfield code="t">甲骨新缀合十则 /</subfield>
         <subfield code="r">蔡哲茂 --</subfield>
         <subfield code="t">外祭卜辞重读与上古先王觅踪 /</subfield>
         <subfield code="r">葛英会 --</subfield>
         <subfield code="t">圆体类、劣体类卜辞之再检讨 /</subfield>
         <subfield code="r">常耀华 --</subfield>
         <subfield code="t">《北京大学珍藏甲骨文字》的体例 /</subfield>
         <subfield code="r">李钟淑 --</subfield>
         <subfield code="t">甲骨文中所见的商代朝觐礼仪 /</subfield>
         <subfield code="r">郭旭东 --</subfield>
         <subfield code="t">从殷墟花东H3卜辞排谱考察商代田猎礼 /</subfield>
         <subfield code="r">韩江苏 --</subfield>
         <subfield code="t">“彭尊”研究 /</subfield>
         <subfield code="r">严志斌 --</subfield>
         <subfield code="t">殷卜辞田猎地“衣”之地望考: 兼论衣、殷、邺之地理纠葛 /</subfield>
         <subfield code="r">朱彦民 --</subfield>
         <subfield code="t">说甲骨文中的“今来干支”、“今干支” /</subfield>
         <subfield code="r">孙亚冰 --</subfield>
         <subfield code="t">殷商自然天神的崇拜 /</subfield>
         <subfield code="r">郭静云 --</subfield>
      </datafield>
      <datafield tag="880" ind1="0" ind2="0">
         <subfield code="6">505-09/</subfield>
         <subfield code="g">开放论坛.</subfield>
         <subfield code="t">殷墟的保护与利用: 地方政府的思与行 /</subfield>
         <subfield code="r">王载飞 --</subfield>
         <subfield code="t">e-Arch考古信息系统 /</subfield>
         <subfield code="r">张涛, 唐际根, 牛世山, 冯思豪, 李潇涵, 毛延辉 --</subfield>
         <subfield code="t">半干旱环境出土漆木器的病害分析与处置保护研究 /</subfield>
         <subfield code="r">李存信, 张红燕 --</subfield>
         <subfield code="t">走出象牙塔的考古学家: 记Peter Ucko教授 /</subfield>
         <subfield code="r">张光仁 --</subfield>
         <subfield code="t">科学研究必须按科学规程操作“夏商周断代工程”结题后的反思(三) /</subfield>
         <subfield code="r">殷玮璋 --</subfield>
         <subfield code="t">纣王的腰坑 /</subfield>
         <subfield code="r">杨炼 --</subfield>
         <subfield code="t">饕餮之问 /</subfield>
         <subfield code="r">杨炼.</subfield>
      </datafield>
      <datafield tag="880" ind1=" " ind2=" ">
         <subfield code="6">520-10/</subfield>
         <subfield code="a">本书共收录近40篇高质量的学术文章.内容涉及世界文化遗产与人类和平, 学术史, 学术理论与方法, 殷墟建筑基址, 殷墟布局, 新材料报道, 器物研究, 甲骨文字, 商王世系, 商代礼制, 商代历史地理, 公众考古, 文化遗产保护以及夏商周三代考古学等各个领域.</subfield>
      </datafield>
      <datafield tag="880" ind1=" " ind2="4">
         <subfield code="6">651-11/</subfield>
         <subfield code="a">殷墟 (Extinct city)</subfield>
         <subfield code="v">Congresses.</subfield>
      </datafield>
      <datafield tag="880" ind1=" " ind2="4">
         <subfield code="6">650-12/</subfield>
         <subfield code="a">Excavations (Archaeology)</subfield>
         <subfield code="z">China</subfield>
         <subfield code="z">殷墟 (Extinct city)</subfield>
         <subfield code="v">Congresses.</subfield>
      </datafield>
      <datafield tag="880" ind1=" " ind2="4">
         <subfield code="6">651-13/</subfield>
         <subfield code="a">安阳市 (China)</subfield>
         <subfield code="x">Antiquities</subfield>
         <subfield code="v">Congresses.</subfield>
      </datafield>
      <datafield tag="880" ind1="1" ind2=" ">
         <subfield code="6">700-14/</subfield>
         <subfield code="a">唐际根.</subfield>
      </datafield>
      <datafield tag="880" ind1="1" ind2=" ">
         <subfield code="6">700-15/</subfield>
         <subfield code="a">岳洪彬.</subfield>
      </datafield>
      <datafield tag="880" ind1="2" ind2=" ">
         <subfield code="6">710-16/</subfield>
         <subfield code="a">中国社会科学院.</subfield>
         <subfield code="b">考古研究所.</subfield>
      </datafield>
      <datafield tag="994" ind1=" " ind2=" ">
         <subfield code="a">Z0</subfield>
         <subfield code="b">ZYU</subfield>
      </datafield>
      <datafield tag="OWN" ind1=" " ind2=" ">
         <subfield code="a">GENERAL</subfield>
      </datafield>
      <datafield tag="AVA" ind1=" " ind2=" ">
         <subfield code="a">NYU50</subfield>
         <subfield code="b">NISAW</subfield>
         <subfield code="c">Small Collection</subfield>
         <subfield code="d">DS797.44.A583 Y565 2008</subfield>
         <subfield code="e">available</subfield>
         <subfield code="t">Available</subfield>
         <subfield code="f">1</subfield>
         <subfield code="g">0</subfield>
         <subfield code="h">N</subfield>
         <subfield code="i">0</subfield>
         <subfield code="j">SMALL</subfield>
         <subfield code="k">0</subfield>
      </datafield>
      <marc:datafield tag="852" ind1=" " ind2=" ">
         <marc:subfield code="b">Institute for the Study of the Ancient World, </marc:subfield>
         <marc:subfield code="c">Small Collection</marc:subfield>
         <marc:subfield code="e">15 East 84th St., </marc:subfield>
         <marc:subfield code="e">New York, NY  10028</marc:subfield>
      </marc:datafield>
   </record>