
  
  
  
  
  
  
 
  
  <record xsi:schemaLocation="http://www.loc.gov/MARC21/slim http://www.loc.gov/standards/marcxml/schema/MARC21slim.xsd">
      <leader>00000cam  2200601 a 4500</leader>
      <controlfield tag="FMT">BK</controlfield>
      <controlfield tag="LDR">00000cam  2200601 a 4500</controlfield>
      <controlfield tag="001">004052296</controlfield>
      <controlfield tag="003">OCoLC</controlfield>
      <controlfield tag="005">20141023095903.0</controlfield>
      <controlfield tag="008">141023s2009    cc af    b    000 0 chi d</controlfield>
      <datafield tag="010" ind1=" " ind2=" ">
         <subfield code="a">2010374517</subfield>
      </datafield>
      <datafield tag="020" ind1=" " ind2=" ">
         <subfield code="a">9787501026883</subfield>
      </datafield>
      <datafield tag="020" ind1=" " ind2=" ">
         <subfield code="a">7501026882</subfield>
      </datafield>
      <datafield tag="035" ind1=" " ind2=" ">
         <subfield code="a">(OCoLC)435373221</subfield>
      </datafield>
      <datafield tag="040" ind1=" " ind2=" ">
         <subfield code="a">CNPIT</subfield>
         <subfield code="b">eng</subfield>
         <subfield code="c">CNPIT</subfield>
         <subfield code="d">DLC</subfield>
         <subfield code="d">HFL</subfield>
         <subfield code="d">OCLCF</subfield>
         <subfield code="d">BCBTC</subfield>
         <subfield code="d">ZYU</subfield>
         <subfield code="d">NNU</subfield>
      </datafield>
      <datafield tag="042" ind1=" " ind2=" ">
         <subfield code="a">lccopycat</subfield>
      </datafield>
      <datafield tag="043" ind1=" " ind2=" ">
         <subfield code="a">a-cc---</subfield>
      </datafield>
      <datafield tag="050" ind1="0" ind2="0">
         <subfield code="a">NA109.C6</subfield>
         <subfield code="b">.C4 2009</subfield>
      </datafield>
      <datafield tag="066" ind1=" " ind2=" ">
         <subfield code="c">$1</subfield>
      </datafield>
      <datafield tag="100" ind1="1" ind2=" ">
         <subfield code="a">Chai, Zejun</subfield>
         <subfield code="6">880-01</subfield>
      </datafield>
      <datafield tag="245" ind1="1" ind2="0">
         <subfield code="6">880-02</subfield>
         <subfield code="a">Chai Zejun gu jian zhu xiu shan wen ji =</subfield>
         <subfield code="b">Collected works of Chai Zejun on ancient architure [sic].</subfield>
      </datafield>
      <datafield tag="246" ind1="3" ind2="1">
         <subfield code="a">Collected works of Chai Zejun on ancient architure [sic]</subfield>
      </datafield>
      <datafield tag="246" ind1="3" ind2=" ">
         <subfield code="a">Collected works of Chai Zejun on ancient architecture</subfield>
      </datafield>
      <datafield tag="250" ind1=" " ind2=" ">
         <subfield code="6">880-03</subfield>
         <subfield code="a">Di 1 ban.</subfield>
      </datafield>
      <datafield tag="260" ind1=" " ind2=" ">
         <subfield code="6">880-04</subfield>
         <subfield code="a">Beijing Shi :</subfield>
         <subfield code="b">Wen wu chu ban she,</subfield>
         <subfield code="c">2009.</subfield>
      </datafield>
      <datafield tag="300" ind1=" " ind2=" ">
         <subfield code="a">413 p., [4] p. of plates :</subfield>
         <subfield code="b">ill. (some col.) ;</subfield>
         <subfield code="c">26 cm.</subfield>
      </datafield>
      <datafield tag="490" ind1="0" ind2=" ">
         <subfield code="6">880-05</subfield>
         <subfield code="a">Zhongguo gu jian shi lun cong shu</subfield>
      </datafield>
      <datafield tag="504" ind1=" " ind2=" ">
         <subfield code="a">Includes bibliographical references.</subfield>
      </datafield>
      <datafield tag="520" ind1=" " ind2=" ">
         <subfield code="6">880-06</subfield>
         <subfield code="a">Shanxi bei yu wei "Zhongguo gu dai jian zhu de bao ku". Ben shu zheng shi Shangxi Sheng gu jian zhu zhuan jia Cai Zejun cong shi ge shi dai, ge lei xing gu jian zhu diao cha, bao hu he wei xiu shi jian de ke xue zong jie. Quan shu fen wei diao cha yan jiu pian, xiu shan bao hu pian he qi ta san bu fen, shou lu ge shi qi wen zhang san shi ba pian, bing pei you cha tu yi bai er shi fu, zhan shi le ta zai gu jian zhi bao hu yu wei xiu ling yu ge fang mian de du dao jian jie.</subfield>
      </datafield>
      <datafield tag="505" ind1="0" ind2="0">
         <subfield code="6">880-07</subfield>
         <subfield code="g">Diao cha yan jiu pian.</subfield>
         <subfield code="t">Jian zhi tan yuan --</subfield>
         <subfield code="t">Bei jing huang jing de jia zhi li nian --</subfield>
         <subfield code="t">Zai lun bei jing huan jing de jia zhi li nian --</subfield>
         <subfield code="t">Bao hu bei jing huan jing ke bu rong huan --</subfield>
         <subfield code="t">Shanxi gu jian zhu ti yao --</subfield>
         <subfield code="t">Shanxi ji chu zhong yao mu gou gu jian zhu gou zao --</subfield>
         <subfield code="t">Taiyuan Jin Ci bei jing huan jing de jia zhi --</subfield>
         <subfield code="t">Jin ci li shi wen wu de wei yi xing ji qi bao hu jain yi --</subfield>
         <subfield code="t">Jin ci Tang Shuyu ci chuan jian nian dai ji yan ge --</subfield>
         <subfield code="t">Song jian Jin ci sheng mu dian xing zhi jie gou yu fa shi te zheng --</subfield>
         <subfield code="t">Pu jiu si tan yuan --</subfield>
         <subfield code="t">Pu jiu si yuan zhuang kao --</subfield>
         <subfield code="t">Pingyao gu cheng jie lue --</subfield>
         <subfield code="t">Zhongguog gu jian zhu bao hu li nian yu "Weinisi xian zhang" --</subfield>
         <subfield code="t">Dui gu jian zhu “Yuan zhuang” de li jie --</subfield>
         <subfield code="t">Zeng yang bao cun gu jian zhu “Yuan zhuang” --</subfield>
         <subfield code="t">Gu jian zhu de li shi bian qian --</subfield>
         <subfield code="t">Shanxi cai su ti yao --　</subfield>
         <subfield code="t">Shanxi gu dia si guan bi hua de yi shu jia zhi --　</subfield>
         <subfield code="t">Shanxi gu dai bi hua jian shu --　</subfield>
         <subfield code="t">Yong le gong yi shi fang yi cai --　</subfield>
         <subfield code="t">Fang Tianlong Shan　</subfield>
         <subfield code="t">Hua shuo Long Shan Dao jiao shi ku　</subfield>
         <subfield code="t">Wen wu bao hu dan wei dao you ying zhong shi de ji ge wen ti --　</subfield>
         <subfield code="t">Ling shi Zishou Si shi ba luo han tou xiang hui gui ji shi.</subfield>
      </datafield>
      <datafield tag="505" ind1="0" ind2="0">
         <subfield code="6">880-08</subfield>
         <subfield code="g">Xiu shan bao hu pian.　</subfield>
         <subfield code="t">Jian lun wu shi nian lai Shanxi wen wu jian zhu bao hu gong cheng ji qi cheng jiu --　</subfield>
         <subfield code="t">Gu jian zhi xiu shan yao dian --</subfield>
         <subfield code="t">Xiu shan gu jian zhu de chuan tong shi gong fang fa yu an quan cuo shi --　</subfield>
         <subfield code="t">Taiyuan Ming dai Gong ji men you shi cai hua yao dian --</subfield>
         <subfield code="t">Yongji Pu jiu si xiu fu gong cheng zong ti she ji --　</subfield>
         <subfield code="t">Yongji Pu jiu si xiu fu gong cheng shi gong she ji yao dian --　</subfield>
         <subfield code="t">Dui "Zhongguo yu lou bao" kan wen de hui fu yu shang que --　</subfield>
         <subfield code="t">Pu jiu si xiu fu ji lüe 　</subfield>
         <subfield code="t">Dui Shuozhou Chong fu si bao yang xing gong cheng de liang dian yi jian.</subfield>
         <subfield code="g">Qi ta.</subfield>
         <subfield code="t">Fo jiao zhi shi dian di --</subfield>
         <subfield code="t">Cong shi gu jian zhu diao yan boa hu si shi wu nian xiao yi --</subfield>
         <subfield code="t">Zhongguo li shi de sheng dong zai xian: Ping "Wen wu zhong guo shi" --</subfield>
         <subfield code="t">Kang ri zhan zheng zhong wen wu zao can ji lue --</subfield>
         <subfield code="t">Gu dai bi hua de xuan zhi she ying juan zhou hou</subfield>
         <subfield code="t">Hou ji.</subfield>
      </datafield>
      <datafield tag="650" ind1=" " ind2="0">
         <subfield code="a">Architecture</subfield>
         <subfield code="x">Conservation and restoration</subfield>
         <subfield code="z">China.</subfield>
      </datafield>
      <datafield tag="650" ind1=" " ind2="0">
         <subfield code="a">Architecture</subfield>
         <subfield code="x">Conservation and restoration</subfield>
         <subfield code="z">China</subfield>
         <subfield code="z">Shanxi Sheng.</subfield>
      </datafield>
      <datafield tag="650" ind1=" " ind2="7">
         <subfield code="a">Architecture</subfield>
         <subfield code="x">Conservation and restoration.</subfield>
         <subfield code="2">fast</subfield>
         <subfield code="0">(OCoLC)fst00813377</subfield>
      </datafield>
      <datafield tag="651" ind1=" " ind2="7">
         <subfield code="a">China.</subfield>
         <subfield code="2">fast</subfield>
         <subfield code="0">(OCoLC)fst01206073</subfield>
      </datafield>
      <datafield tag="651" ind1=" " ind2="7">
         <subfield code="a">China</subfield>
         <subfield code="z">Shanxi Sheng.</subfield>
         <subfield code="2">fast</subfield>
         <subfield code="0">(OCoLC)fst01210380</subfield>
      </datafield>
      <datafield tag="880" ind1="1" ind2=" ">
         <subfield code="6">100-01/</subfield>
         <subfield code="a">柴澤俊.</subfield>
      </datafield>
      <datafield tag="880" ind1="1" ind2="0">
         <subfield code="6">245-02/</subfield>
         <subfield code="a">柴澤俊古建築修繕文集 =</subfield>
         <subfield code="b">Collected works of Chai Zejun on ancient architure [sic].</subfield>
      </datafield>
      <datafield tag="880" ind1=" " ind2=" ">
         <subfield code="6">250-03/</subfield>
         <subfield code="a">第1版.</subfield>
      </datafield>
      <datafield tag="880" ind1=" " ind2=" ">
         <subfield code="6">260-04/</subfield>
         <subfield code="a">北京市 :</subfield>
         <subfield code="b">文物出版社,</subfield>
         <subfield code="c">2009.</subfield>
      </datafield>
      <datafield tag="880" ind1="0" ind2=" ">
         <subfield code="6">490-05/</subfield>
         <subfield code="a">中國古建史論叢書</subfield>
      </datafield>
      <datafield tag="880" ind1=" " ind2=" ">
         <subfield code="6">520-06/</subfield>
         <subfield code="a">山西被誉为 "中国古代建筑的宝库" . 本书正是山西省古建专家柴泽俊从事各时代, 各类型古建筑调查, 保护和维修实践的科学总结. 全书分为调查研究篇, 修缮保护篇和其他三部分, 收录各时期的文章三十八篇, 并配有插图一百二十幅, 展示了他在古建保护与维修领域各方面的独到见解.</subfield>
      </datafield>
      <datafield tag="880" ind1="0" ind2="0">
         <subfield code="6">505-07/</subfield>
         <subfield code="g">调查研究篇.</subfield>
         <subfield code="t">建筑探源 --</subfield>
         <subfield code="t">背景环境的价值理念 --</subfield>
         <subfield code="t">再论背景环境的价值理念 --</subfield>
         <subfield code="t">保护背景环境刻不容缓 --</subfield>
         <subfield code="t">山西古建筑提要 --</subfield>
         <subfield code="t">山西几处重要木构古建筑构造 --</subfield>
         <subfield code="t">太原晋祠背景环境的价值 --</subfield>
         <subfield code="t">晋祠历史文物的惟一性及其保护建议 --</subfield>
         <subfield code="t">晋祠唐叔虞祠创建年代及沿革 --</subfield>
         <subfield code="t">宋建晋祠圣母殿形制结构与法式特征 --</subfield>
         <subfield code="t">普救寺探源 --</subfield>
         <subfield code="t">普救寺原状考 --</subfield>
         <subfield code="t">平遥古城纪略 --</subfield>
         <subfield code="t">中国古建筑保护理念与《威尼斯宪章》 --</subfield>
         <subfield code="t">对古建筑“原状”的理解 --</subfield>
         <subfield code="t">怎样保存古建筑“原状” --</subfield>
         <subfield code="t">古建筑的历史变迁 --</subfield>
         <subfield code="t">山西彩塑提要 --　</subfield>
         <subfield code="t">山西古代寺观壁画的艺术价值 --　</subfield>
         <subfield code="t">山西古代壁画简述 --　</subfield>
         <subfield code="t">永乐宫艺术放异彩 --　</subfield>
         <subfield code="t">访天龙山 --　</subfield>
         <subfield code="t">话说龙山道教石窟 --　</subfield>
         <subfield code="t">文物保护单位导游应重视的几个问题 --</subfield>
         <subfield code="t">灵石资寿寺十八罗汉头像回归纪实.</subfield>
      </datafield>
      <datafield tag="880" ind1="0" ind2="0">
         <subfield code="6">505-08/</subfield>
         <subfield code="g">修缮保护篇.　</subfield>
         <subfield code="t">简论五十年来山西文物建筑保护工程及其成就 --　</subfield>
         <subfield code="t">古建筑修缮要点 --　</subfield>
         <subfield code="t">修缮古建筑的传统施工方法与安全措施 --　</subfield>
         <subfield code="t">太原明代拱极门油饰彩画要点 --　</subfield>
         <subfield code="t">永济普救寺修复工程总体设计 --　</subfield>
         <subfield code="t">永济普救寺修复工程施工设计要点 --　</subfield>
         <subfield code="t">对《中国旅游报》刊文的回复与商榷 --　</subfield>
         <subfield code="t">普救寺修复纪略 --　</subfield>
         <subfield code="t">对朔州崇福寺保养性工程的两点意见 --</subfield>
         <subfield code="g">其它.</subfield>
         <subfield code="t">佛教知识点滴 --</subfield>
         <subfield code="t">从事古建筑调研保护四十五年小忆 --</subfield>
         <subfield code="t">中国历史的生动再现: 评《文物中国史》 --</subfield>
         <subfield code="t">抗日战争中文物遭残纪略 --</subfield>
         <subfield code="t">古代壁画的宣纸摄影卷轴 --</subfield>
         <subfield code="t">后记.</subfield>
      </datafield>
      <datafield tag="994" ind1=" " ind2=" ">
         <subfield code="a">Z0</subfield>
         <subfield code="b">ZYU</subfield>
      </datafield>
      <datafield tag="OWN" ind1=" " ind2=" ">
         <subfield code="a">GENERAL</subfield>
      </datafield>
      <datafield tag="AVA" ind1=" " ind2=" ">
         <subfield code="a">NYU50</subfield>
         <subfield code="b">NISAW</subfield>
         <subfield code="c">Small Collection</subfield>
         <subfield code="d">NA109.C6 C4 2009</subfield>
         <subfield code="e">available</subfield>
         <subfield code="t">Available</subfield>
         <subfield code="f">1</subfield>
         <subfield code="g">0</subfield>
         <subfield code="h">N</subfield>
         <subfield code="i">0</subfield>
         <subfield code="j">SMALL</subfield>
         <subfield code="k">0</subfield>
      </datafield>
      <marc:datafield tag="852" ind1=" " ind2=" ">
         <marc:subfield code="b">Institute for the Study of the Ancient World, </marc:subfield>
         <marc:subfield code="c">Small Collection</marc:subfield>
         <marc:subfield code="e">15 East 84th St., </marc:subfield>
         <marc:subfield code="e">New York, NY  10028</marc:subfield>
      </marc:datafield>
   </record>