
  
  
  
  
  
 
  
  <record xsi:schemaLocation="http://www.loc.gov/MARC21/slim http://www.loc.gov/standards/marcxml/schema/MARC21slim.xsd">
      <leader>00000cam  2200481 i 4500</leader>
      <controlfield tag="FMT">BK</controlfield>
      <controlfield tag="LDR">00000cam  2200481 i 4500</controlfield>
      <controlfield tag="001">004052306</controlfield>
      <controlfield tag="003">OCoLC</controlfield>
      <controlfield tag="005">20141203112927.0</controlfield>
      <controlfield tag="008">141023s2014    enkab    b    100 0 eng</controlfield>
      <datafield tag="010" ind1=" " ind2=" ">
         <subfield code="a">2014033983</subfield>
      </datafield>
      <datafield tag="015" ind1=" " ind2=" ">
         <subfield code="a">GBB472222</subfield>
         <subfield code="2">bnb</subfield>
      </datafield>
      <datafield tag="016" ind1="7" ind2=" ">
         <subfield code="a">016784660</subfield>
         <subfield code="2">Uk</subfield>
      </datafield>
      <datafield tag="020" ind1=" " ind2=" ">
         <subfield code="a">9781782976318</subfield>
      </datafield>
      <datafield tag="020" ind1=" " ind2=" ">
         <subfield code="a">1782976310</subfield>
      </datafield>
      <datafield tag="035" ind1=" " ind2=" ">
         <subfield code="a">(OCoLC)863193503</subfield>
      </datafield>
      <datafield tag="035" ind1="7" ind2=" ">
         <subfield code="a">ybp10493432</subfield>
      </datafield>
      <datafield tag="040" ind1=" " ind2=" ">
         <subfield code="a">DLC</subfield>
         <subfield code="e">rda</subfield>
         <subfield code="b">eng</subfield>
         <subfield code="c">DLC</subfield>
         <subfield code="d">YDX</subfield>
         <subfield code="d">BTCTA</subfield>
         <subfield code="d">UKMGB</subfield>
         <subfield code="d">YDXCP</subfield>
         <subfield code="d">OCLCO</subfield>
         <subfield code="d">NNU</subfield>
      </datafield>
      <datafield tag="042" ind1=" " ind2=" ">
         <subfield code="a">pcc</subfield>
      </datafield>
      <datafield tag="043" ind1=" " ind2=" ">
         <subfield code="a">aw-----</subfield>
      </datafield>
      <datafield tag="050" ind1="0" ind2="0">
         <subfield code="a">TS1413.5</subfield>
         <subfield code="b">.E97 2012</subfield>
      </datafield>
      <datafield tag="082" ind1="0" ind2="0">
         <subfield code="a">338.4/76770956</subfield>
         <subfield code="2">23</subfield>
      </datafield>
      <datafield tag="111" ind1="2" ind2=" ">
         <subfield code="a">European Science Foundation Exploratory Workshop on Wool Economy in the Ancient Near East and the Aegean: From the Beginnings of Sheep Husbandry to Institutional Textile Industry</subfield>
         <subfield code="d">(2012 :</subfield>
         <subfield code="c">Nanterre, France)</subfield>
      </datafield>
      <datafield tag="245" ind1="1" ind2="0">
         <subfield code="a">Wool economy in the ancient Near East and the Aegean :</subfield>
         <subfield code="b">from the beginnings of sheep husbandry to institutional textile industry /</subfield>
         <subfield code="c">edited by Catherine Breniquet and Cécile Michel.</subfield>
      </datafield>
      <datafield tag="264" ind1=" " ind2="1">
         <subfield code="a">Oxford ;</subfield>
         <subfield code="a">Philadelphia :</subfield>
         <subfield code="b">Oxbow Books,</subfield>
         <subfield code="c">2014.</subfield>
      </datafield>
      <datafield tag="300" ind1=" " ind2=" ">
         <subfield code="a">viii, 464 pages :</subfield>
         <subfield code="b">illustrations, maps ;</subfield>
         <subfield code="c">26 cm.</subfield>
      </datafield>
      <datafield tag="336" ind1=" " ind2=" ">
         <subfield code="a">text</subfield>
         <subfield code="b">txt</subfield>
         <subfield code="2">rdacontent</subfield>
      </datafield>
      <datafield tag="337" ind1=" " ind2=" ">
         <subfield code="a">unmediated</subfield>
         <subfield code="b">n</subfield>
         <subfield code="2">rdamedia</subfield>
      </datafield>
      <datafield tag="338" ind1=" " ind2=" ">
         <subfield code="a">volume</subfield>
         <subfield code="b">nc</subfield>
         <subfield code="2">rdacarrier</subfield>
      </datafield>
      <datafield tag="490" ind1="1" ind2=" ">
         <subfield code="a">Ancient textiles series ;</subfield>
         <subfield code="v">vol. 17</subfield>
      </datafield>
      <datafield tag="500" ind1=" " ind2=" ">
         <subfield code="a">"The present volume gathers together the contributions presented at the European Science Foundation Exploratory Workshop on Wool Economy in the Ancient Near East and the Aegean: From the Beginnings of Sheep Husbandry to Institutional Textile Industry, which took place in Nanterre, November 7-10, 2012"--Foreword.</subfield>
      </datafield>
      <datafield tag="504" ind1=" " ind2=" ">
         <subfield code="a">Includes bibliographical references.</subfield>
      </datafield>
      <datafield tag="505" ind1="0" ind2="0">
         <subfield code="t">Wool economy in the Ancient Near East and the Aegean /</subfield>
         <subfield code="r">Breniquet, Catherine --</subfield>
         <subfield code="r">Michel, Cécile --</subfield>
         <subfield code="t">Bronze and Iron Age wools from Europe /</subfield>
         <subfield code="r">Rast-Eicher, Antoinette --</subfield>
         <subfield code="t">The expansion of sheep herding and the development of wool production in the Ancient Near East : an archaeozoological and iconographical approach /</subfield>
         <subfield code="r">Vila, Emmanuelle --</subfield>
         <subfield code="r">Helmer, Daniel --</subfield>
         <subfield code="t">Sheep, wool and textile production : an interdisciplinary approach on the complexity of wool working /</subfield>
         <subfield code="r">Strand, Eva Andersson --</subfield>
         <subfield code="t">The archaeology of wool in early Mesopotamia : sources, methods, perspectives /</subfield>
         <subfield code="r">Breniquet, Catherine --</subfield>
         <subfield code="t">Lambs of the gods : the beginnings of the wool economy in proto-cuneiform texts /</subfield>
         <subfield code="r">Charvát, Petr --</subfield>
         <subfield code="t">The value of wool in early Bronze Age Mesopotamia : on the control of sheep and the handling of wool in the Presargonic to the Ur III Periods (c. 2400 to 2000 BC) /</subfield>
         <subfield code="r">Sallaberger, Walther --</subfield>
         <subfield code="t">Wool in the economy of Sargonic Mesopotamia /</subfield>
         <subfield code="r">Foster, Benjamin R. --</subfield>
         <subfield code="t">From weighing wool to weaving tools : textile manufacture at Ebla during the early Syrian period in the light of archeaological evidence /</subfield>
         <subfield code="r">Peyronel, Luca --</subfield>
         <subfield code="t">Some aspects of the wool economy at Ebla (Syria, 24th century BCE) /</subfield>
         <subfield code="r">Biga, Maria Giovanna --</subfield>
         <subfield code="t">Making textiles at Arslantepe, Turkey, in the 4th and 3rd millennia BC : archaeological data and experimental archaeology /</subfield>
         <subfield code="r">Laurito, Romina --</subfield>
         <subfield code="r">Lemorini, Cristina – Perilli, Assunta --</subfield>
         <subfield code="t">Wool economy in the royal archive of Mari during the Šakkanakku Period /</subfield>
         <subfield code="r">Colonna d'Istria, Laurent --</subfield>
         <subfield code="t">All wool and a yard wide : wool production and trade in the Old Babylonian Sippar /</subfield>
         <subfield code="r">Graef, Katrien de --</subfield>
         <subfield code="t">Wool trade in upper Mesopotamia and Syria according to Old Babylonian and Old Assyrian texts /</subfield>
         <subfield code="r">Michel, Cécile --</subfield>
         <subfield code="t">Wool in Anatolia in the Old Assyrian period /</subfield>
         <subfield code="r">Lassen, Agnete Wisti --</subfield>
         <subfield code="t">Wool economy in Minoan Crete before Linear B : a minimalist position /</subfield>
         <subfield code="r">Militello, Pietro --</subfield>
      </datafield>
      <datafield tag="505" ind1="0" ind2="0">
         <subfield code="t">Wool in the Nuzi texts /</subfield>
         <subfield code="r">Abrahami, Philippe --</subfield>
         <subfield code="t">Wool production and economy at Ugarit /</subfield>
         <subfield code="r">Matoïan, Valérie --</subfield>
         <subfield code="r">Vita, Juan-Pablo --</subfield>
         <subfield code="r">Bordreuil, Etienne --</subfield>
         <subfield code="t">Sheep rearing, wool production and management in Mycenaean written documents /</subfield>
         <subfield code="r">Rougement, Françoise --</subfield>
         <subfield code="t">Mycenaean wool economies in the latter part of the 2nd millennium BC Aegean /</subfield>
         <subfield code="r">Nosch, Marie-Louise --</subfield>
         <subfield code="t">Wool, hair and textiles in Assyria /</subfield>
         <subfield code="r">Postgate, Nicholas --</subfield>
         <subfield code="t">"If you have a sheep, you have all you need" : sheep husbandry and wool in the economy of the Neo-Babylonian Ebabbar Temple at Sippar /</subfield>
         <subfield code="r">Zawadzki, Stefan --</subfield>
         <subfield code="t">Fabrics and clothes from Mesopotamia during the Achaemenid and Seleucid periods : the textual references /</subfield>
         <subfield code="r">Joannès, Francis.</subfield>
      </datafield>
      <datafield tag="650" ind1=" " ind2="0">
         <subfield code="a">Textile industry</subfield>
         <subfield code="z">Middle East</subfield>
         <subfield code="x">History</subfield>
         <subfield code="y">To 1500</subfield>
         <subfield code="v">Congresses.</subfield>
      </datafield>
      <datafield tag="650" ind1=" " ind2="0">
         <subfield code="a">Textile fabrics, Ancient</subfield>
         <subfield code="z">Middle East</subfield>
         <subfield code="v">Congresses.</subfield>
      </datafield>
      <datafield tag="650" ind1=" " ind2="0">
         <subfield code="a">Wool</subfield>
         <subfield code="x">Economic aspects</subfield>
         <subfield code="z">Middle East</subfield>
         <subfield code="x">History</subfield>
         <subfield code="y">To 1500</subfield>
         <subfield code="v">Congresses.</subfield>
      </datafield>
      <datafield tag="650" ind1=" " ind2="0">
         <subfield code="a">Wool industry</subfield>
         <subfield code="z">Middle East</subfield>
         <subfield code="x">History</subfield>
         <subfield code="y">To 1500</subfield>
         <subfield code="v">Congresses.</subfield>
      </datafield>
      <datafield tag="651" ind1=" " ind2="0">
         <subfield code="a">Middle East</subfield>
         <subfield code="x">Antiquities</subfield>
         <subfield code="v">Congresses.</subfield>
      </datafield>
      <datafield tag="700" ind1="1" ind2=" ">
         <subfield code="a">Breniquet, C.</subfield>
         <subfield code="q">(Catherine)</subfield>
         <subfield code="e">editor.</subfield>
      </datafield>
      <datafield tag="700" ind1="1" ind2=" ">
         <subfield code="a">Michel, Cécile</subfield>
         <subfield code="e">editor.</subfield>
      </datafield>
      <datafield tag="776" ind1="0" ind2="8">
         <subfield code="i">Online version:</subfield>
         <subfield code="a">European Science Foundation Exploratory Workshop on Wool Economy in the Ancient Near East and the Aegean: From the Beginnings of Sheep Husbandry to Institutional Textile Industry (2012 : Nanterre, France)</subfield>
         <subfield code="t">Wool economy in the ancient Near East and the Aegean</subfield>
         <subfield code="d">Oxford ; Philadelphia : Oxbow Books, 2014</subfield>
         <subfield code="z">9781782976325</subfield>
         <subfield code="w">(DLC) 2014039194</subfield>
      </datafield>
      <datafield tag="830" ind1=" " ind2="0">
         <subfield code="a">Ancient textiles series ;</subfield>
         <subfield code="v">vol. 17.</subfield>
      </datafield>
      <datafield tag="994" ind1=" " ind2=" ">
         <subfield code="a">Z0</subfield>
         <subfield code="b">ZYU</subfield>
      </datafield>
      <datafield tag="OWN" ind1=" " ind2=" ">
         <subfield code="a">GENERAL</subfield>
      </datafield>
      <datafield tag="AVA" ind1=" " ind2=" ">
         <subfield code="a">NYU50</subfield>
         <subfield code="b">BOBST</subfield>
         <subfield code="c">Main Collection</subfield>
         <subfield code="d">TS1413.5 .E97 2012</subfield>
         <subfield code="e">unavailable</subfield>
         <subfield code="t">Unavailable</subfield>
         <subfield code="f">1</subfield>
         <subfield code="g">1</subfield>
         <subfield code="h">N</subfield>
         <subfield code="i">0</subfield>
         <subfield code="j">MAIN</subfield>
         <subfield code="k">0</subfield>
      </datafield>
      <datafield tag="AVA" ind1=" " ind2=" ">
         <subfield code="a">NYU50</subfield>
         <subfield code="b">NISAW</subfield>
         <subfield code="c">Large Collection</subfield>
         <subfield code="d">TS1413.5 .E97 2012</subfield>
         <subfield code="e">available</subfield>
         <subfield code="t">Available</subfield>
         <subfield code="f">1</subfield>
         <subfield code="g">0</subfield>
         <subfield code="h">N</subfield>
         <subfield code="i">0</subfield>
         <subfield code="j">LARGE</subfield>
         <subfield code="k">0</subfield>
      </datafield>
      <marc:datafield tag="852" ind1=" " ind2=" ">
         <marc:subfield code="b">Institute for the Study of the Ancient World, </marc:subfield>
         <marc:subfield code="c">Large Collection</marc:subfield>
         <marc:subfield code="e">15 East 84th St., </marc:subfield>
         <marc:subfield code="e">New York, NY  10028</marc:subfield>
      </marc:datafield>
   </record>