
  
  
  
  
  
  
  
 
  
  <record xsi:schemaLocation="http://www.loc.gov/MARC21/slim http://www.loc.gov/standards/marcxml/schema/MARC21slim.xsd">
      <leader>00000cam  2200601 a 4500</leader>
      <controlfield tag="FMT">BK</controlfield>
      <controlfield tag="LDR">00000cam  2200601 a 4500</controlfield>
      <controlfield tag="001">002370437</controlfield>
      <controlfield tag="003">OCoLC</controlfield>
      <controlfield tag="005">20141023124932.0</controlfield>
      <controlfield tag="008">880303s1986    cc af    b    100 0 chi</controlfield>
      <datafield tag="010" ind1=" " ind2=" ">
         <subfield code="a">88112224</subfield>
      </datafield>
      <datafield tag="035" ind1=" " ind2=" ">
         <subfield code="a">(OCoLC)18741131</subfield>
      </datafield>
      <datafield tag="040" ind1=" " ind2=" ">
         <subfield code="a">DLC-R</subfield>
         <subfield code="b">eng</subfield>
         <subfield code="c">DLC</subfield>
         <subfield code="d">OCLCO</subfield>
         <subfield code="d">OCLCF</subfield>
         <subfield code="d">OCLCQ</subfield>
         <subfield code="d">NNU</subfield>
      </datafield>
      <datafield tag="043" ind1=" " ind2=" ">
         <subfield code="a">a-cc---</subfield>
      </datafield>
      <datafield tag="050" ind1="0" ind2="0">
         <subfield code="a">NK8000</subfield>
         <subfield code="b">.C58 1983</subfield>
      </datafield>
      <datafield tag="050" ind1=" " ind2="4">
         <subfield code="a">DS793.S644</subfield>
         <subfield code="b">Z36 1989</subfield>
      </datafield>
      <datafield tag="066" ind1=" " ind2=" ">
         <subfield code="c">$1</subfield>
      </datafield>
      <datafield tag="082" ind1="0" ind2="0">
         <subfield code="a">739/.512/0931</subfield>
         <subfield code="2">19</subfield>
      </datafield>
      <datafield tag="110" ind1="2" ind2=" ">
         <subfield code="6">880-01</subfield>
         <subfield code="a">Zhongguo tong gu yan jiu hui.</subfield>
         <subfield code="b">Xue shu tao lun hui</subfield>
         <subfield code="n">(2nd :</subfield>
         <subfield code="d">1983-1984 :</subfield>
         <subfield code="c">Kunming Shi, China)</subfield>
      </datafield>
      <datafield tag="245" ind1="1" ind2="0">
         <subfield code="6">880-02</subfield>
         <subfield code="a">Zhongguo tong gu yan jiu hui di 2 ci xue shu tao lun hui lun wen ji /</subfield>
         <subfield code="c">Zhongguo tong gu yan jiu hui bian.</subfield>
      </datafield>
      <datafield tag="250" ind1=" " ind2=" ">
         <subfield code="6">880-03</subfield>
         <subfield code="a">Di 1 ban.</subfield>
      </datafield>
      <datafield tag="260" ind1=" " ind2=" ">
         <subfield code="6">880-04</subfield>
         <subfield code="a">Beijing :</subfield>
         <subfield code="b">Wen wu chu ban she :</subfield>
         <subfield code="b">Xin hua shu dian Beijing fa xing suo fa xing,</subfield>
         <subfield code="c">1986.</subfield>
      </datafield>
      <datafield tag="300" ind1=" " ind2=" ">
         <subfield code="a">2, 308 pages, 8 pages of plates :</subfield>
         <subfield code="b">illustrations ;</subfield>
         <subfield code="c">27 cm</subfield>
      </datafield>
      <datafield tag="336" ind1=" " ind2=" ">
         <subfield code="a">text</subfield>
         <subfield code="b">txt</subfield>
         <subfield code="2">rdacontent</subfield>
      </datafield>
      <datafield tag="337" ind1=" " ind2=" ">
         <subfield code="a">unmediated</subfield>
         <subfield code="b">n</subfield>
         <subfield code="2">rdamedia</subfield>
      </datafield>
      <datafield tag="338" ind1=" " ind2=" ">
         <subfield code="a">volume</subfield>
         <subfield code="b">nc</subfield>
         <subfield code="2">rdacarrier</subfield>
      </datafield>
      <datafield tag="504" ind1=" " ind2=" ">
         <subfield code="a">Includes bibliographical references.</subfield>
      </datafield>
      <datafield tag="505" ind1="0" ind2="0">
         <subfield code="6">880-05</subfield>
         <subfield code="t">Gu dai tong gu di er ci xue shu tao lun hu ji yao /</subfield>
         <subfield code="r">Zhongguo gu dai tong gu yan jiu hui mi shu chu --</subfield>
         <subfield code="t">Zai lun zao qi tong gu /</subfield>
         <subfield code="r">Tong Enzhang --</subfield>
         <subfield code="t">Nanfang tong gu de lei xing xue kao cha /</subfield>
         <subfield code="r">Wang Zhenyong --</subfield>
         <subfield code="t">Guan yu tong gu fen xing zhong de zun yi xing wen ti /</subfield>
         <subfield code="r">He Jisheng --</subfield>
         <subfield code="t">Yong huang jin lü shi tan tong gu zao xing de mei xue yuan li /</subfield>
         <subfield code="r">Tang Wenyuan --</subfield>
         <subfield code="t">Wanjiaba, Shizhaishan tong gu sheng lü fa qing xiang de chu bu yan jiu /</subfield>
         <subfield code="r">Wu Zhao deng --</subfield>
         <subfield code="t">Guanxi, Yunnan tong gu zhu zao gong yi chu tan ; Guanxi, Yunnan tong gu ne jin cheng fen ji ji shu cai zhi de yan jiu /</subfield>
         <subfield code="r">Beijing gang tie xue yuan je jin shi yan jiu shi deng --</subfield>
         <subfield code="t">Shi lun Pu ren xian min de tu gu ji qi yu nan fang tong gu de guan xi /</subfield>
         <subfield code="r">Lin Bangcun --</subfield>
         <subfield code="t">Yunnan xing gong tu de chuan bo yu Pu ren de bian qian /</subfield>
         <subfield code="r">Hu Zhendong --</subfield>
         <subfield code="t">Zhi zao he shi yong tong gu shi Pu xi min zu gu dai wen hua de te zheng /</subfield>
         <subfield code="r">He Jiejun, Wu Mingsheng --</subfield>
         <subfield code="t">Sichuan Diqu tong gu de fen bu ji qi zu shu yan jiu /</subfield>
         <subfield code="r">Dong Qixiang --</subfield>
         <subfield code="t">Luo Yue yu tong gu /</subfield>
         <subfield code="r">Qiu Zhonglun --</subfield>
         <subfield code="t">Tong gu ren xiang de zu shu fen xi /</subfield>
         <subfield code="r">Zhang Shiquan --</subfield>
         <subfield code="t">Zuo Jiang yan hua tong gu tu xiang de chu bu tan tao /</subfield>
         <subfield code="r">Chen Yuanzhang</subfield>
      </datafield>
      <datafield tag="505" ind1="0" ind2="0">
         <subfield code="6">880-06</subfield>
         <subfield code="t">Guizhou shi ban mu zang zhong tong gu gu mian wen shi shi ke /</subfield>
         <subfield code="r">Xi Keding --</subfield>
         <subfield code="t">Yunnan Funing, Malipo liang xiang tong gu de diao chao yu yan jiu /</subfield>
         <subfield code="r">Wang Dadao --</subfield>
         <subfield code="t">Cong tonggu de wen shi he you guan ying su kan liu chao shi qi Jiangnan yu Xi'nan Diqu de wen hua wang lai /</subfield>
         <subfield code="r">Luo Zongzhen --</subfield>
         <subfield code="t">“Qu chai ji gu” tan yuan /</subfield>
         <subfield code="r">Pan Shixiong --</subfield>
         <subfield code="t">Tong gu chuan wen de zai tan suo /</subfield>
         <subfield code="r">Li Weiqing --</subfield>
         <subfield code="t">Tong gu chuan wen kao /</subfield>
         <subfield code="r">Huang Derong, Li Kunsheng --</subfield>
         <subfield code="t">Tong gu chuan wen bu shi : jian lun Yun ren hang du Mie Zhou /</subfield>
         <subfield code="r">Chen Liqiong --</subfield>
         <subfield code="t">Qian tan gu dai tong gu de yue wu tu xiang /</subfield>
         <subfield code="r">Zhang Lilun --</subfield>
         <subfield code="t">Lingnan tong gu shang zhu wa yuan yu tu teng chong bai shuo /</subfield>
         <subfield code="r">Yang Hao --</subfield>
         <subfield code="t">Guanxi tong gu li ti wa shi shi Zhuang Zu xian min tu teng chong bai de fan ying /</subfield>
         <subfield code="r">Huang Zengqing --</subfield>
         <subfield code="t">Ling Chunsheng xian sheng de tong gu yan jiu /</subfield>
         <subfield code="r">Shi Zhongjian.</subfield>
      </datafield>
      <datafield tag="650" ind1=" " ind2="0">
         <subfield code="a">Bronze drum</subfield>
         <subfield code="z">China</subfield>
         <subfield code="v">Congresses.</subfield>
      </datafield>
      <datafield tag="650" ind1=" " ind2="7">
         <subfield code="a">Bronze drum.</subfield>
         <subfield code="2">fast</subfield>
         <subfield code="0">(OCoLC)fst00839458</subfield>
      </datafield>
      <datafield tag="651" ind1=" " ind2="7">
         <subfield code="a">China.</subfield>
         <subfield code="2">fast</subfield>
         <subfield code="0">(OCoLC)fst01206073</subfield>
      </datafield>
      <datafield tag="655" ind1=" " ind2="7">
         <subfield code="a">Conference proceedings.</subfield>
         <subfield code="2">fast</subfield>
         <subfield code="0">(OCoLC)fst01423772</subfield>
      </datafield>
      <datafield tag="710" ind1="2" ind2=" ">
         <subfield code="a">Zhongguo gu dai tong gu yan jiu hui</subfield>
         <subfield code="6">880-07</subfield>
      </datafield>
      <datafield tag="776" ind1="0" ind2="8">
         <subfield code="i">Online version:</subfield>
         <subfield code="a">Zhongguo tong gu yan jiu hui. Xue shu tao lun hui (2nd : 1983-1984 : Kunming Shi, China).</subfield>
         <subfield code="t">Zhongguo tong gu yan jiu hui di 2 ci xue shu tao lun hui lun wen ji.</subfield>
         <subfield code="b">Di 1 ban.</subfield>
         <subfield code="d">Beijing : Wen wu chu ban she : Xin hua shu dian Beijing fa xing suo fa xing, 1986</subfield>
         <subfield code="w">(OCoLC)571304370</subfield>
      </datafield>
      <datafield tag="776" ind1="0" ind2="8">
         <subfield code="i">Online version:</subfield>
         <subfield code="a">Zhongguo tong gu yan jiu hui. Xue shu tao lun hui (2nd : 1983-1984 : Kunming Shi, China).</subfield>
         <subfield code="t">Zhongguo tong gu yan jiu hui di 2 ci xue shu tao lun hui lun wen ji.</subfield>
         <subfield code="b">Di 1 ban.</subfield>
         <subfield code="d">Beijing : Wen wu chu ban she : Xin hua shu dian Beijing fa xing suo fa xing, 1986</subfield>
         <subfield code="w">(OCoLC)605006245</subfield>
      </datafield>
      <datafield tag="880" ind1="2" ind2=" ">
         <subfield code="6">110-01/</subfield>
         <subfield code="a">中国铜鼓研究会.</subfield>
         <subfield code="b">学术讨论会</subfield>
         <subfield code="n">(2nd :</subfield>
         <subfield code="d">1983-1984 :</subfield>
         <subfield code="c">Kunming Shi, China)</subfield>
      </datafield>
      <datafield tag="880" ind1="1" ind2="0">
         <subfield code="6">245-02/</subfield>
         <subfield code="a">中国铜鼓研究会第二次学术讨论会论文集 /</subfield>
         <subfield code="c">中国铜鼓研究会编.</subfield>
      </datafield>
      <datafield tag="880" ind1=" " ind2=" ">
         <subfield code="6">250-03/</subfield>
         <subfield code="a">第1版.</subfield>
      </datafield>
      <datafield tag="880" ind1=" " ind2=" ">
         <subfield code="6">260-04/</subfield>
         <subfield code="a">北京 :</subfield>
         <subfield code="b">文物出版社 :</subfield>
         <subfield code="b">新华书店北京发行所发行,</subfield>
         <subfield code="c">1986.</subfield>
      </datafield>
      <datafield tag="880" ind1="0" ind2="0">
         <subfield code="6">505-05/</subfield>
         <subfield code="t">古代铜鼓第二次学术讨论会纪要 /</subfield>
         <subfield code="r">中国古代铜鼓研究会秘书处 --</subfield>
         <subfield code="t">再论再起铜鼓 /</subfield>
         <subfield code="r">童恩正 --</subfield>
         <subfield code="t">南方铜鼓的类型学考察 /</subfield>
         <subfield code="r">王振镛 --</subfield>
         <subfield code="t">关于铜鼓分型中的遵义型问题 /</subfield>
         <subfield code="r">何纪生 --</subfield>
         <subfield code="t">用黄金律试谈铜鼓造型的美学原理 /</subfield>
         <subfield code="r">唐文元 --</subfield>
         <subfield code="t">万家坝，石寨山铜鼓生律法倾向的初步研究 /</subfield>
         <subfield code="r">吴钊等 --</subfield>
         <subfield code="t">广西，云南铜鼓铸造工艺初探 ； 广西，云南铜鼓合金成分及金属材质的研究 /</subfield>
         <subfield code="r">北京钢铁学院冶金史研究室等 --</subfield>
         <subfield code="t">试论濮人先民的土鼓及其与南方铜鼓的关系 /</subfield>
         <subfield code="r">林邦存 --</subfield>
         <subfield code="t">云南型铜鼓的传播与濮人的变迁 /</subfield>
         <subfield code="r">胡振东 --</subfield>
         <subfield code="t">制造和使用铜鼓是濮系民族古代文化的特征 /</subfield>
         <subfield code="r">何介钧, 吴铭生 --</subfield>
         <subfield code="t">四川地区铜鼓的分布及其族属研究 /</subfield>
         <subfield code="r">董其祥 --</subfield>
         <subfield code="t">骆越与铜鼓 /</subfield>
         <subfield code="r">邱钟仑 --</subfield>
         <subfield code="t">铜鼓人像的族属分析 /</subfield>
         <subfield code="r">张世铨 --</subfield>
         <subfield code="t">左江岩画铜鼓图像的初步探讨 /</subfield>
         <subfield code="r">陈远璋</subfield>
      </datafield>
      <datafield tag="880" ind1="0" ind2="0">
         <subfield code="6">505-06/</subfield>
         <subfield code="t">贵州石板墓葬中铜鼓鼓面纹饰石刻 /</subfield>
         <subfield code="r">席克定 --</subfield>
         <subfield code="t">云南富宁，麻栗坡两县铜鼓的调查与研究 /</subfield>
         <subfield code="r">王大道 --</subfield>
         <subfield code="t">从铜鼓的纹饰和有关因素看六朝时期江南与西南地区的文化往来 /</subfield>
         <subfield code="r">罗宗真 --</subfield>
         <subfield code="t">“取钗击鼓”探原 /</subfield>
         <subfield code="r">潘世雄 --</subfield>
         <subfield code="t">铜鼓船纹的再探索 /</subfield>
         <subfield code="r">李伟卿 --</subfield>
         <subfield code="t">铜鼓船纹考 /</subfield>
         <subfield code="r">黄德荣, 李昆声 --</subfield>
         <subfield code="t">铜鼓船纹补释：兼论越人航渡美洲 /</subfield>
         <subfield code="r">陈丽琼 --</subfield>
         <subfield code="t">浅谈古代铜鼓的乐舞图像 /</subfield>
         <subfield code="r">庄礼伦 --</subfield>
         <subfield code="t">岭南铜鼓上铸蛙源于图腾崇拜说 /</subfield>
         <subfield code="r">杨豪 --</subfield>
         <subfield code="t">广西铜鼓立体蛙饰是壮族先民图腾崇拜的反映 /</subfield>
         <subfield code="r">黄增庆 --</subfield>
         <subfield code="t">凌纯声先生的铜鼓研究 /</subfield>
         <subfield code="r">石钟健.</subfield>
      </datafield>
      <datafield tag="880" ind1="2" ind2=" ">
         <subfield code="6">710-07/</subfield>
         <subfield code="a">中国铜鼓研究会.</subfield>
      </datafield>
      <datafield tag="OWN" ind1=" " ind2=" ">
         <subfield code="a">GENERAL</subfield>
      </datafield>
      <datafield tag="987" ind1=" " ind2=" ">
         <subfield code="a">PINYIN</subfield>
         <subfield code="b">CStRLIN</subfield>
         <subfield code="c">20010518</subfield>
         <subfield code="d">r</subfield>
         <subfield code="e">1.1</subfield>
         <subfield code="f">See fields: 110(1),246(1)</subfield>
      </datafield>
      <datafield tag="998" ind1=" " ind2=" ">
         <subfield code="a">10/23/96</subfield>
         <subfield code="t">c</subfield>
         <subfield code="s">9115</subfield>
         <subfield code="n">NNU</subfield>
         <subfield code="w">MHVO18741131B</subfield>
         <subfield code="d">05/18/01</subfield>
         <subfield code="l">NYUG</subfield>
      </datafield>
      <datafield tag="AVA" ind1=" " ind2=" ">
         <subfield code="a">NYU50</subfield>
         <subfield code="b">NIFA</subfield>
         <subfield code="c">Asian</subfield>
         <subfield code="d">NK8000 .C58 1983 Non-circulating</subfield>
         <subfield code="e">available</subfield>
         <subfield code="t">Available</subfield>
         <subfield code="f">1</subfield>
         <subfield code="g">0</subfield>
         <subfield code="h">N</subfield>
         <subfield code="i">0</subfield>
         <subfield code="j">ASIAN</subfield>
         <subfield code="k">0</subfield>
      </datafield>
      <datafield tag="AVA" ind1=" " ind2=" ">
         <subfield code="a">NYU50</subfield>
         <subfield code="b">NISAW</subfield>
         <subfield code="c">Small Collection</subfield>
         <subfield code="d">DS793.S644 Z36 1989</subfield>
         <subfield code="e">available</subfield>
         <subfield code="t">Available</subfield>
         <subfield code="f">1</subfield>
         <subfield code="g">0</subfield>
         <subfield code="h">N</subfield>
         <subfield code="i">0</subfield>
         <subfield code="j">SMALL</subfield>
         <subfield code="k">0</subfield>
      </datafield>
      <marc:datafield tag="852" ind1=" " ind2=" ">
         <marc:subfield code="b">Institute for the Study of the Ancient World, </marc:subfield>
         <marc:subfield code="c">Small Collection</marc:subfield>
         <marc:subfield code="e">15 East 84th St., </marc:subfield>
         <marc:subfield code="e">New York, NY  10028</marc:subfield>
      </marc:datafield>
   </record>