
  
  
  
  
  
 
  
  <record xsi:schemaLocation="http://www.loc.gov/MARC21/slim http://www.loc.gov/standards/marcxml/schema/MARC21slim.xsd">
      <leader>00000cam  2200685 a 4500</leader>
      <controlfield tag="FMT">BK</controlfield>
      <controlfield tag="LDR">00000cam  2200685 a 4500</controlfield>
      <controlfield tag="001">004052426</controlfield>
      <controlfield tag="003">OCoLC</controlfield>
      <controlfield tag="005">20141031121658.0</controlfield>
      <controlfield tag="008">141023s2010    fr abe   b    100 0 fre d</controlfield>
      <datafield tag="016" ind1="7" ind2=" ">
         <subfield code="a">101572799</subfield>
         <subfield code="2">DNLM</subfield>
      </datafield>
      <datafield tag="020" ind1=" " ind2=" ">
         <subfield code="a">9782701802909 (pbk.)</subfield>
      </datafield>
      <datafield tag="020" ind1=" " ind2=" ">
         <subfield code="a">2701802903 (pbk.)</subfield>
      </datafield>
      <datafield tag="035" ind1=" " ind2=" ">
         <subfield code="a">(OCoLC)700706469</subfield>
         <subfield code="z">(OCoLC)778039877</subfield>
      </datafield>
      <datafield tag="040" ind1=" " ind2=" ">
         <subfield code="a">TZT</subfield>
         <subfield code="b">eng</subfield>
         <subfield code="c">TZT</subfield>
         <subfield code="d">AUXAM</subfield>
         <subfield code="d">WTU</subfield>
         <subfield code="d">C3L</subfield>
         <subfield code="d">ERASP</subfield>
         <subfield code="d">CDX</subfield>
         <subfield code="d">WAU</subfield>
         <subfield code="d">FDA</subfield>
         <subfield code="d">NLM</subfield>
         <subfield code="d">OCLCQ</subfield>
         <subfield code="d">OCLCA</subfield>
         <subfield code="d">OCLCQ</subfield>
         <subfield code="d">NNU</subfield>
      </datafield>
      <datafield tag="041" ind1="0" ind2=" ">
         <subfield code="a">fre</subfield>
         <subfield code="a">eng</subfield>
         <subfield code="a">gre</subfield>
      </datafield>
      <datafield tag="043" ind1=" " ind2=" ">
         <subfield code="a">e-gr---</subfield>
      </datafield>
      <datafield tag="050" ind1="1" ind2="4">
         <subfield code="a">DF101</subfield>
         <subfield code="b">.E53 2010</subfield>
      </datafield>
      <datafield tag="060" ind1="0" ind2="0">
         <subfield code="a">2011 K-855</subfield>
      </datafield>
      <datafield tag="060" ind1="1" ind2="0">
         <subfield code="a">WS 11 GG6</subfield>
      </datafield>
      <datafield tag="072" ind1=" " ind2="7">
         <subfield code="a">DF</subfield>
         <subfield code="2">lcco</subfield>
      </datafield>
      <datafield tag="082" ind1="1" ind2="4">
         <subfield code="a">938</subfield>
         <subfield code="2">1</subfield>
      </datafield>
      <datafield tag="245" ind1="0" ind2="2">
         <subfield code="a">L'enfant et la mort dans l'antiquité.</subfield>
         <subfield code="n">I :</subfield>
         <subfield code="b">nouvelles recherches dans les nécropoles grecques : le signalement des tombes d'enfants : actes de la table ronde internationale organisée à Athènes, École française d'Athènes, 29-30 mai 2008 /</subfield>
         <subfield code="c">sous la direction d'Anne-Marie Guimier-Sorbets et Yvette Morizot.</subfield>
      </datafield>
      <datafield tag="246" ind1="3" ind2="0">
         <subfield code="a">Nouvelles recherches dans les nécropoles grecques : le signalement des tombes d'enfants : actes de la table ronde internationale organisée à Athènes, École française d'Athènes, 29-30 mai 2008</subfield>
      </datafield>
      <datafield tag="246" ind1="3" ind2="0">
         <subfield code="a">Actes de la table ronde internationale organisée à Athènes, École française d'Athènes, 29-30 mai 2008</subfield>
      </datafield>
      <datafield tag="260" ind1=" " ind2=" ">
         <subfield code="a">Paris :</subfield>
         <subfield code="b">De Boccard,</subfield>
         <subfield code="c">2010.</subfield>
      </datafield>
      <datafield tag="300" ind1=" " ind2=" ">
         <subfield code="a">vi, 406 pages :</subfield>
         <subfield code="b">illustrations, maps, plans ;</subfield>
         <subfield code="c">30 cm.</subfield>
      </datafield>
      <datafield tag="336" ind1=" " ind2=" ">
         <subfield code="a">text</subfield>
         <subfield code="b">txt</subfield>
         <subfield code="2">rdacontent</subfield>
      </datafield>
      <datafield tag="337" ind1=" " ind2=" ">
         <subfield code="a">unmediated</subfield>
         <subfield code="b">n</subfield>
         <subfield code="2">rdamedia</subfield>
      </datafield>
      <datafield tag="338" ind1=" " ind2=" ">
         <subfield code="a">volume</subfield>
         <subfield code="b">nc</subfield>
         <subfield code="2">rdacarrier</subfield>
      </datafield>
      <datafield tag="490" ind1="1" ind2=" ">
         <subfield code="a">Travaux de la maison René-Ginouvès,</subfield>
         <subfield code="x">1954-863X ;</subfield>
         <subfield code="v">12</subfield>
      </datafield>
      <datafield tag="546" ind1=" " ind2=" ">
         <subfield code="a">Texts in French and English; abstracts in French, English and Greek.</subfield>
      </datafield>
      <datafield tag="504" ind1=" " ind2=" ">
         <subfield code="a">Includes bibliographical references.</subfield>
      </datafield>
      <datafield tag="505" ind1="0" ind2="0">
         <subfield code="t">L’enfant et la mort dans l’Antiquité : approches.</subfield>
         <subfield code="t">Présentation du programme “L’enfant et la mort dans l’Antiquité [EMA] : des pratiques funéraires à l’identité sociale” / Hermary, Antoine --</subfield>
         <subfield code="t">Archéologie funéraire et histoire de l’enfance dans l’Antiquité : nouveaux enjeux, nouvelles perspectives / Dasen, Véronique.</subfield>
         <subfield code="t">L’enfant et la mort en Grèce.</subfield>
         <subfield code="t">L’enfant et la mort en Grèce au premier âge du fer.</subfield>
         <subfield code="t">Les enfants et la mort en Eubée au début de l’Âge du Fer / Blandin, Béatrice --</subfield>
         <subfield code="t">Tombes d’enfants à l’intérieur d’habitats au début de l’Âge du Fer dans le Monde Grec /</subfield>
         <subfield code="r">Ainian, Alexandre Mazarakis -- </subfield>
         <subfield code="t">La différenciation funéraire des enfants en Crète centrale au premier Âge du Fer : l’indice d’une nouvelle structuration sociale? /</subfield>
         <subfield code="r">Pomadère, Maia.</subfield>
         <subfield code="t">Sépultures d’enfants en Grèce de l’époque géométrique à l’époque romaine : espaces, rites et intégration sociale.</subfield>
         <subfield code="t">Child Burials at Ancient Messene /</subfield>
         <subfield code="r">Bourbou, Chryssa --</subfield>
         <subfield code="r">Themelis, Petros --</subfield>
         <subfield code="t">La présence des enfants dans les -nécropoles d’Abdère /</subfield>
         <subfield code="r">Kallintzi, Konstantina --</subfield>
         <subfield code="r">Papaikonomou, Irini-Despina --</subfield>
         <subfield code="t">Un ensemble exceptionnel d’enchytrismes de nouveau-nés, de foetus et de nourrissons découvert dans l’île d’Astypalée, en Grèce : cimetière de bébés ou sanctuaire ? (Première approche) /</subfield>
         <subfield code="r">Michalaki-Kollia, Maria --</subfield>
         <subfield code="t">Child burials at the seaside cemetery of ancient Mende /</subfield>
         <subfield code="r">Moschonissioti, Sophia --</subfield>
         <subfield code="t">Recent finds of child burials in the area of ancient Sparta from Protogeometric to Roman times /</subfield>
         <subfield code="r">  Themos, Athanassios --</subfield>
         <subfield code="r">Zavvou, Elena --</subfield>
         <subfield code="t">Tombes d’enfants dans les Cyclades : les cas de Naxos et de Paros /</subfield>
         <subfield code="r">Zaphiropoulou, Photini.</subfield>
      </datafield>
      <datafield tag="505" ind1="0" ind2="0">
         <subfield code="t">Sépultures d’enfants dans les nécropoles des colonies grecques de la mer noire.</subfield>
         <subfield code="t">Les sépultures d’enfants de la nécropole d’Apollonia du Pont (Bulgarie) : résultats des fouilles récentes (2002-2007) /</subfield>
         <subfield code="r">Koeller, Anne-Sophie --</subfield>
         <subfield code="r">Panayotova, Kristina --</subfield>
         <subfield code="t">Les tombes d’enfants dans les colonies grecques de l’Ouest du Pont-Euxin /</subfield>
         <subfield code="r">Lungu, Vasilica.</subfield>
         <subfield code="t">Le signalement des sépultures d’enfants. Monde Grec.</subfield>
         <subfield code="t">Modes de signalisation des sépultures dans les nécropoles grecques d’Italie du Sud et de Sicile : remarques générales et le cas des tombes d’enfant /</subfield>
         <subfield code="r">Elia, Diego --</subfield>
         <subfield code="r">Meirano, Valeria --</subfield>
         <subfield code="t">The representation of children on classical and Hellenistic tombstones from ancient Macedonia /</subfield>
         <subfield code="r">Kalaitzi, Myrina --</subfield>
         <subfield code="t">Les marqueurs de tombes d’enfant dans l’Égypte gréco-romaine : premières recherches /</subfield>
         <subfield code="r">Nenna, Marie-Dominique.</subfield>
         <subfield code="t">Monde romain.</subfield>
         <subfield code="t">Le rôle de l’épitaphe dans la commémoration des enfants défunts : l’exemple des carmina Latina epigraphica païens /</subfield>
         <subfield code="r">Lamotte, Hélène --</subfield>
         <subfield code="t">Signalisation des tombes d’enfants dans un quartier funéraire de la nécropole romaine de Porta Nocera à Pompéi /</subfield>
         <subfield code="r">Larminat, Solenn de --</subfield>
         <subfield code="t">Tombes d’enfants de l’époque impériale dans la banlieue de Rome : les cas de Quarto Cappello del Prete, de Casal Bertone et de la nécropole Collatina /</subfield>
         <subfield code="r">Musco, Stefano --</subfield>
         <subfield code="r">Catalano, Paola.</subfield>
      </datafield>
      <datafield tag="650" ind1=" " ind2="0">
         <subfield code="a">Children</subfield>
         <subfield code="x">Tombs</subfield>
         <subfield code="z">Greece</subfield>
         <subfield code="v">Congresses.</subfield>
      </datafield>
      <datafield tag="650" ind1=" " ind2="0">
         <subfield code="a">Children</subfield>
         <subfield code="x">Death</subfield>
         <subfield code="x">Social aspects</subfield>
         <subfield code="z">Greece</subfield>
         <subfield code="v">Congresses.</subfield>
      </datafield>
      <datafield tag="650" ind1=" " ind2="0">
         <subfield code="a">Funeral rites and ceremonies, Ancient</subfield>
         <subfield code="z">Greece</subfield>
         <subfield code="v">Congresses.</subfield>
      </datafield>
      <datafield tag="650" ind1=" " ind2="0">
         <subfield code="a">Sepulchral monuments</subfield>
         <subfield code="z">Greece</subfield>
         <subfield code="v">Congresses.</subfield>
      </datafield>
      <datafield tag="650" ind1="1" ind2="2">
         <subfield code="a">Death</subfield>
         <subfield code="z">Greece</subfield>
         <subfield code="v">Congresses.</subfield>
      </datafield>
      <datafield tag="650" ind1="1" ind2="2">
         <subfield code="a">Infant</subfield>
         <subfield code="z">Greece.</subfield>
      </datafield>
      <datafield tag="650" ind1="2" ind2="2">
         <subfield code="a">History, Ancient</subfield>
         <subfield code="z">Greece</subfield>
         <subfield code="v">Congresses.</subfield>
      </datafield>
      <datafield tag="653" ind1=" " ind2=" ">
         <subfield code="a">Greek archaeology</subfield>
         <subfield code="a">Children's tombs</subfield>
      </datafield>
      <datafield tag="700" ind1="1" ind2=" ">
         <subfield code="a">Guimier-Sorbets, Anne-Marie</subfield>
         <subfield code="e">editor.</subfield>
      </datafield>
      <datafield tag="700" ind1="1" ind2=" ">
         <subfield code="a">Morizot, Yvette</subfield>
         <subfield code="e">editor.</subfield>
      </datafield>
      <datafield tag="830" ind1=" " ind2="0">
         <subfield code="a">Travaux de la Maison René-Ginouvès ;</subfield>
         <subfield code="v">12.</subfield>
      </datafield>
      <datafield tag="994" ind1=" " ind2=" ">
         <subfield code="a">Z0</subfield>
         <subfield code="b">ZYU</subfield>
      </datafield>
      <datafield tag="OWN" ind1=" " ind2=" ">
         <subfield code="a">GENERAL</subfield>
      </datafield>
      <datafield tag="AVA" ind1=" " ind2=" ">
         <subfield code="a">NYU50</subfield>
         <subfield code="b">NISAW</subfield>
         <subfield code="c">Large Collection</subfield>
         <subfield code="d">DF101 .E53 2010</subfield>
         <subfield code="e">available</subfield>
         <subfield code="t">Available</subfield>
         <subfield code="f">1</subfield>
         <subfield code="g">0</subfield>
         <subfield code="h">N</subfield>
         <subfield code="i">0</subfield>
         <subfield code="j">LARGE</subfield>
         <subfield code="k">0</subfield>
      </datafield>
      <marc:datafield tag="852" ind1=" " ind2=" ">
         <marc:subfield code="b">Institute for the Study of the Ancient World, </marc:subfield>
         <marc:subfield code="c">Large Collection</marc:subfield>
         <marc:subfield code="e">15 East 84th St., </marc:subfield>
         <marc:subfield code="e">New York, NY  10028</marc:subfield>
      </marc:datafield>
   </record>