
  
  
  
  
  
 
  
  <record xsi:schemaLocation="http://www.loc.gov/MARC21/slim http://www.loc.gov/standards/marcxml/schema/MARC21slim.xsd">
      <leader>00000nam a2200433 a 45M</leader>
      <controlfield tag="FMT">BK</controlfield>
      <controlfield tag="LDR">00000nam a2200433 a 45M</controlfield>
      <controlfield tag="001">000496818</controlfield>
      <controlfield tag="003">NNU</controlfield>
      <controlfield tag="005">20141024110609.0</controlfield>
      <controlfield tag="008">070328s2002    cc abf   b    100 0 chi d</controlfield>
      <datafield tag="020" ind1=" " ind2=" ">
         <subfield code="a">7030102134</subfield>
      </datafield>
      <datafield tag="035" ind1="9" ind2=" ">
         <subfield code="a">NYUb13484088</subfield>
      </datafield>
      <datafield tag="035" ind1=" " ind2=" ">
         <subfield code="a">(CStRLIN)NYUG07-B1023</subfield>
      </datafield>
      <datafield tag="040" ind1=" " ind2=" ">
         <subfield code="a">OSU</subfield>
         <subfield code="c">OSU</subfield>
         <subfield code="d">PIT</subfield>
         <subfield code="d">UMC</subfield>
         <subfield code="d">CLU</subfield>
         <subfield code="d">NNU</subfield>
      </datafield>
      <datafield tag="041" ind1="1" ind2=" ">
         <subfield code="a">chi</subfield>
         <subfield code="b">eng</subfield>
         <subfield code="f">eng</subfield>
      </datafield>
      <datafield tag="043" ind1=" " ind2=" ">
         <subfield code="a">a-ccg--</subfield>
      </datafield>
      <datafield tag="050" ind1=" " ind2="4">
         <subfield code="a">DS793.Y3</subfield>
         <subfield code="b">C436 2002</subfield>
      </datafield>
      <datafield tag="066" ind1=" " ind2=" ">
         <subfield code="c">$1</subfield>
      </datafield>
      <datafield tag="111" ind1="2" ind2=" ">
         <subfield code="6">880-01</subfield>
         <subfield code="a">Chang Jiang liu yu qing tong wen hua guo ji xue shu yan tao hui</subfield>
         <subfield code="d">(2001 :</subfield>
         <subfield code="c">Beijing da xue, Beijing, China)</subfield>
      </datafield>
      <datafield tag="245" ind1="1" ind2="0">
         <subfield code="6">880-02</subfield>
         <subfield code="a">Chang Jiang liu yu qing tong wen hua yan jiu /</subfield>
         <subfield code="c">zhu bian Gao Chongwen, Antian Xixian.</subfield>
      </datafield>
      <datafield tag="246" ind1="1" ind2=" ">
         <subfield code="i">Title on added title page:</subfield>
         <subfield code="a">Study on the bronze culture of the Yangtze River Valley</subfield>
      </datafield>
      <datafield tag="250" ind1=" " ind2=" ">
         <subfield code="6">880-03</subfield>
         <subfield code="a">Di 1 ban.</subfield>
      </datafield>
      <datafield tag="260" ind1=" " ind2=" ">
         <subfield code="6">880-04</subfield>
         <subfield code="a">Beijing :</subfield>
         <subfield code="b">Ke xue chu ban she,</subfield>
         <subfield code="c">2002.</subfield>
      </datafield>
      <datafield tag="300" ind1=" " ind2=" ">
         <subfield code="a">iv, 358 p., [2] p. of plates :</subfield>
         <subfield code="b">ill. (some col.), map ;</subfield>
         <subfield code="c">29 cm.</subfield>
      </datafield>
      <datafield tag="546" ind1=" " ind2=" ">
         <subfield code="a">Table of contents and abstract also in English.</subfield>
      </datafield>
      <datafield tag="500" ind1=" " ind2=" ">
         <subfield code="6">880-05</subfield>
         <subfield code="a">"'Chang Jiang wen ming de tan qiu' yan jiu xiang mu zi zhu"-T.p.</subfield>
      </datafield>
      <datafield tag="505" ind1="0" ind2="0">
         <subfield code="6">880-06</subfield>
         <subfield code="t">Chang Jiang liu yu Qing tong wen hua fa zhang de bei jing xin si kao /</subfield>
         <subfield code="r">Yu Wenchao --</subfield>
         <subfield code="t">Chang Jiang liu yu li zhi wen hua de fa zhan /</subfield>
         <subfield code="r">Gao Chongwen --</subfield>
         <subfield code="t">Cong di li huang jing he qi hou bian dong kan wen ming de dan sheng /</subfield>
         <subfield code="r">Antianxixian --</subfield>
         <subfield code="t">Zhong yuan yu nan fang zai Zhongguo Qing tong wen hua yi ti zhong de hu dong guan xi /</subfield>
         <subfield code="r">Shi Jinsong --</subfield>
         <subfield code="t">Chang Jiang liu yu zao qi Qing tong wen hua dee xing shang guan cha : guan yu Sanxingdui he Dayangzhou qing togn qi de li shi ding wei /</subfield>
         <subfield code="r">Zhang Xin --</subfield>
         <subfield code="t">Chang Jiang liu yu Qing tong wen hua chuan tong te zheng chu tan /</subfield>
         <subfield code="r">Wang Xun --</subfield>
         <subfield code="t">Jin Hou Bangfu mu yu Chu Gong yi bian zhong /</subfield>
         <subfield code="r">Liu Xu --</subfield>
         <subfield code="t">Wu gan zhi jian yan jiu /</subfield>
         <subfield code="r">Xiao Menglong deng --</subfield>
         <subfield code="t">Xi Zhou qian qi nan bei fang zhong de bi jiao yu bei chuan lu xian /</subfield>
         <subfield code="r">Cao Wei --</subfield>
         <subfield code="t">Shang dai tong fu gai lun /</subfield>
         <subfield code="r">Zhang Changpin --</subfield>
         <subfield code="t">Chang Jiang liu yu qing tong qi he Riben qing tong qi wen hua : yi Riben Misheng shi dai tong duo wei li /</subfield>
         <subfield code="r">Mofangyoumeizi --</subfield>
         <subfield code="t">Peng Xian Zhu wa jie tong zi zai fen xi：mai cang xing zhi, nian dai, yuan yin ji qi wen hua bei jing /</subfield>
         <subfield code="r">Sun Hua --</subfield>
         <subfield code="t">Chengdu Pingyuan qing tong wen hua kao gu de xin jin zhan /</subfield>
         <subfield code="r">Jiang Zhanghua --</subfield>
      </datafield>
      <datafield tag="505" ind1="0" ind2="0">
         <subfield code="6">880-07</subfield>
         <subfield code="t">Hunan Shang Zhou kao gu he qing tong qi yan jiu de xin jin zhan /</subfield>
         <subfield code="r">Xiao Taoshu --</subfield>
         <subfield code="t">Chengtoushan yi zhi yu jian zhu yi gou zhi guan xi /</subfield>
         <subfield code="r">Gongbenchangerlang --</subfield>
         <subfield code="t">Wannan Diqu tu dun mu chu bu yan jiu /</subfield>
         <subfield code="r">Gong Xicheng --</subfield>
         <subfield code="t">Jiangxi Xingan Zhongqingling tong zi de zai ren shi /</subfield>
         <subfield code="r">Li Chaoyuan --</subfield>
         <subfield code="t">Bian ge qi de Chu mu: mai zang she shi de kai tong si xiang ji qi shi jian /</subfield>
         <subfield code="r">Huang Xiaofen --</subfield>
         <subfield code="t">Ningzhen Diqu qing tong wen hua yan jiu /</subfield>
         <subfield code="r">Zhang Min --</subfield>
         <subfield code="t">Shi lun Shang mo Zhou chu Ningzhen Diqu Chang Jiang liang an wen hua fa zhan de yi tong /</subfield>
         <subfield code="r">Shui Tao --</subfield>
         <subfield code="t">Maqiao wen hua de bian nian yan jiu /</subfield>
         <subfield code="r">Song Jian --</subfield>
         <subfield code="t">Qing tong shi dai de Huangtu Gaoyuan yu Chang Jiang liu yu : Yunnan Diqu de qi hou he huan jing bian hua /</subfield>
         <subfield code="r">Fuzerenzhi, Antianxixian --</subfield>
         <subfield code="t">Shangxin Yinshan Yue wang ling mu zhi de chu bu yan jiu /</subfield>
         <subfield code="r">Chen Yuanfu --</subfield>
         <subfield code="t">Zhongguo zao qi cai tong ye tong ji shu cheng jiu /</subfield>
         <subfield code="r">Liu Shizhong --</subfield>
         <subfield code="t">Chang Jiang liu yu qing tong wen hua qian zhan /</subfield>
         <subfield code="r">Li Boqian.</subfield>
      </datafield>
      <datafield tag="505" ind1="0" ind2="0">
         <subfield code="t">New perspective on the development context of the Bronze Culture along the Yangtze River /</subfield>
         <subfield code="r">Yu Weichao --</subfield>
         <subfield code="t">The development of the ritual system cultures in the Yantze River Valley /</subfield>
         <subfield code="r">Gao Chongwen --</subfield>
         <subfield code="t">An environmental and climatic perspective on the rise of civilization /</subfield>
         <subfield code="r">Yasuda Yashinori --</subfield>
         <subfield code="t">The interactive relationship between the Central Plains and the south in the homoginization of Chinese bronze culture /</subfield>
         <subfield code="r">Shi Jinsong --</subfield>
         <subfield code="t">A metaphysical investigation of the early bronze cultures in the Yangtze River Valley /</subfield>
         <subfield code="r">Zhang Xin --</subfield>
         <subfield code="t">A tentative discussion of the bronze cultural traditions in the Yangtze River Valley /</subfield>
         <subfield code="r">Wang Xun --</subfield>
         <subfield code="t">The Jin Marquis Bangfu's tomb and the chime of Chugong Ni Bells /</subfield>
         <subfield code="r">Liu Xu --</subfield>
         <subfield code="t">A study of Wugan words /</subfield>
         <subfield code="r">Xiao Menglong et al. --</subfield>
         <subfield code="t">A comparative study of the bronze bells from the North and South during Early Western Zhou period as well as their spread to the North /</subfield>
         <subfield code="r">Cao Wei --</subfield>
         <subfield code="t">A study of Bronze Bu in the Shang dynasty /</subfield>
         <subfield code="r">Zhang Changping --</subfield>
         <subfield code="t">Bronze objects along the Yangtze River and bronze cultures in Japan, : a case of a bronze Duo in Yayai period Japan /</subfield>
         <subfield code="r">Suefusa Yumiko --</subfield>
         <subfield code="t">Re-analysis of bronze objects from Zhuwajie in Peng county /</subfield>
         <subfield code="r">Sun Hua /</subfield>
         <subfield code="t">New development in the archaeology of bronze cultures in the Chengdu Basin /</subfield>
         <subfield code="r">Jiang Zhanghua --</subfield>
      </datafield>
      <datafield tag="505" ind1="0" ind2="0">
         <subfield code="t">New development in Shang Zhou archaeology and bronze study in Hunan Province /</subfield>
         <subfield code="r">Xiang Taochu --</subfield>
         <subfield code="t">The evolution of the Chengtoushan Site and its relationship with architectural remains /</subfield>
         <subfield code="r">Miyamoto Nagajiro --</subfield>
         <subfield code="t">A study of the earthen-mound tomds in Southern Anhui Province /</subfield>
         <subfield code="r">Gong Xicheng --</subfield>
         <subfield code="t">Re-interpreting the Zhongleng bronze objects from Xingan, Jiangxi Province /</subfield>
         <subfield code="r">Li Chaoyuan --</subfield>
         <subfield code="t">Chu tombs in the transitional period : the "opening mind" in the burial system /</subfield>
         <subfield code="r">Huang Xiaofen --</subfield>
         <subfield code="t">A study of bronze culture in the Ningzheng area /</subfield>
         <subfield code="r">Zhang Min</subfield>
         <subfield code="t">A preliminary study of similarities and differences in culture evolution on the two sides of the Yangtze River in the Ningzhen area from late Shang to early Zhou /</subfield>
         <subfield code="r">Shui Tao --</subfield>
         <subfield code="t">A chronological study of the Maqiao culture /</subfield>
         <subfield code="r">Song Jian --</subfield>
         <subfield code="t">The climatic and enviromental changes in the Loess Plateau, Yangtze River and Yunan are during Bronze Age /</subfield>
         <subfield code="r">Fukusawa Hitoshi &amp; Yasuda Yoshinori --</subfield>
         <subfield code="t">A priliminary study of the burial system of the Yue Mausoleum at Yin Hill in Shaoxing /</subfield>
         <subfield code="r">Chen Yuanfu --</subfield>
         <subfield code="t">The technoligical achievement in the fields of copper mining and smelting in the early ages of China /</subfield>
         <subfield code="r">Liu Shizhong --</subfield>
         <subfield code="t">A prospect of the study on the bronze culture along the Yangtze River /</subfield>
         <subfield code="r">Li Boqian.</subfield>
      </datafield>
      <datafield tag="504" ind1=" " ind2=" ">
         <subfield code="a">Includes bibliographical references.</subfield>
      </datafield>
      <datafield tag="651" ind1=" " ind2="0">
         <subfield code="a">Yangtze River Valley (China)</subfield>
         <subfield code="x">Civilization</subfield>
         <subfield code="v">Congresses.</subfield>
      </datafield>
      <datafield tag="651" ind1=" " ind2="0">
         <subfield code="a">China</subfield>
         <subfield code="x">Civilization</subfield>
         <subfield code="v">Congresses.</subfield>
      </datafield>
      <datafield tag="650" ind1=" " ind2="0">
         <subfield code="a">Bronze age</subfield>
         <subfield code="z">China</subfield>
         <subfield code="z">Yangtze River Valley</subfield>
         <subfield code="v">Congresses.</subfield>
      </datafield>
      <datafield tag="650" ind1=" " ind2="0">
         <subfield code="a">Excavations (Archaeology)</subfield>
         <subfield code="z">China</subfield>
         <subfield code="z">Yangtze River Valley</subfield>
         <subfield code="v">Congresses.</subfield>
      </datafield>
      <datafield tag="700" ind1="1" ind2=" ">
         <subfield code="a">Gao, Chongwen,</subfield>
         <subfield code="d">1948-</subfield>
         <subfield code="6">880-08</subfield>
      </datafield>
      <datafield tag="700" ind1="1" ind2=" ">
         <subfield code="a">Yasuda, Yoshinori,</subfield>
         <subfield code="d">1946-</subfield>
         <subfield code="6">880-09</subfield>
      </datafield>
      <datafield tag="880" ind1="2" ind2=" ">
         <subfield code="6">111-01/</subfield>
         <subfield code="a">长江流域靑铜文化囯际学术硏讨会</subfield>
         <subfield code="d">(2001 :</subfield>
         <subfield code="c">Beijing da xue, Beijing, China)</subfield>
      </datafield>
      <datafield tag="880" ind1="1" ind2="0">
         <subfield code="6">245-02/</subfield>
         <subfield code="a">长江流域靑铜文化硏究 /</subfield>
         <subfield code="c">主编高崇文, 安田喜宪.</subfield>
      </datafield>
      <datafield tag="880" ind1=" " ind2=" ">
         <subfield code="6">250-03/</subfield>
         <subfield code="a">第1版.</subfield>
      </datafield>
      <datafield tag="880" ind1=" " ind2=" ">
         <subfield code="6">260-04/</subfield>
         <subfield code="a">北京 :</subfield>
         <subfield code="b">科学出版社,</subfield>
         <subfield code="c">2002.</subfield>
      </datafield>
      <datafield tag="880" ind1=" " ind2=" ">
         <subfield code="6">500-05/</subfield>
         <subfield code="a">"'長江文明的探求'研究項目资助"-T.p.</subfield>
      </datafield>
      <datafield tag="880" ind1="0" ind2="0">
         <subfield code="6">505-06/</subfield>
         <subfield code="t">长江流域青铜文化发展背景的新思考 /</subfield>
         <subfield code="r">俞文超 --</subfield>
         <subfield code="t">长江流域礼制文化的发展 /</subfield>
         <subfield code="r">高崇文 --</subfield>
         <subfield code="t">从地理环境和气候变动看文明的诞生 /</subfield>
         <subfield code="r">安田喜宪 --</subfield>
         <subfield code="t">中原与南方在中国青铜文化统一体中的互动关系 /</subfield>
         <subfield code="r">施劲松 --</subfield>
         <subfield code="t">长江流域早期青铜文化的形上观察 : 关于三星堆和大洋洲青铜器的历史定位 /</subfield>
         <subfield code="r">张辛 --</subfield>
         <subfield code="t">长江流域青铜文化传统特征初探 /</subfield>
         <subfield code="r">王迅 --</subfield>
         <subfield code="t">晋侯邦父墓与楚公逆编钟 /</subfield>
         <subfield code="r">刘绪 --</subfield>
         <subfield code="t">吴干之剑研究 =</subfield>
         <subfield code="r">肖梦龙等 --</subfield>
         <subfield code="t">西周前期南北方钟的比较与北传路线 /</subfield>
         <subfield code="r">曹玮 --</subfield>
         <subfield code="t">商代铜瓿概论 /</subfield>
         <subfield code="r">张昌平 --</subfield>
         <subfield code="t">长江流域青铜器和日本青铜器文化 : 以日本弥生时代的铜铎为例 /</subfield>
         <subfield code="r">末房由美子--</subfield>
         <subfield code="t">彭县竹瓦街铜器再分析 ：埋藏性质、年代、原因及其文化背景 /</subfield>
         <subfield code="r">孙华 --</subfield>
         <subfield code="t">成都平原青铜文化考古的新进展 /</subfield>
         <subfield code="r">江章华 --</subfield>
      </datafield>
      <datafield tag="880" ind1="0" ind2="0">
         <subfield code="6">505-07/</subfield>
         <subfield code="t">湖南商周考古和青铜器研究的新进展 /</subfield>
         <subfield code="r">向桃初 --</subfield>
         <subfield code="t">城头山遗址变迁与建筑遗构之关系 /</subfield>
         <subfield code="r">宮本長二郎 --</subfield>
         <subfield code="t">皖南地区土墩墓初步研究 /</subfield>
         <subfield code="r">宫希成 --</subfield>
         <subfield code="t">江西新干中青棱铜器的再认识 /</subfield>
         <subfield code="r">李朝远 --</subfield>
         <subfield code="t">变革期的楚墓 : 埋葬设施的开通思想及其实践 /</subfield>
         <subfield code="r">黄晓芬 --</subfield>
         <subfield code="t">宁镇地区青铜文化研究 /</subfield>
         <subfield code="r">张敏 --</subfield>
         <subfield code="t">试论商末周初宁镇地区长江两岸文化发展的异同 /</subfield>
         <subfield code="r">水涛 --</subfield>
         <subfield code="t">马桥文化的编年研究 /</subfield>
         <subfield code="r">宋建 --</subfield>
         <subfield code="t">青铜时代的黄土高原与长江流域 : 云南地区的气候和环境变化 /</subfield>
         <subfield code="r">福泽仁之, 安田喜宪 --</subfield>
         <subfield code="t">绍兴印山越王陵葬制的初步研究 /</subfield>
         <subfield code="r">陈元甫 --</subfield>
         <subfield code="t">中国早期采铜冶铜技术成就 /</subfield>
         <subfield code="r">刘诗中 --</subfield>
         <subfield code="t">长江流域青铜文化研究前瞻 /</subfield>
         <subfield code="r">李伯谦.</subfield>
      </datafield>
      <datafield tag="880" ind1="1" ind2=" ">
         <subfield code="6">700-08/</subfield>
         <subfield code="a">高崇文,</subfield>
         <subfield code="d">1948-</subfield>
      </datafield>
      <datafield tag="880" ind1="1" ind2=" ">
         <subfield code="6">700-09/</subfield>
         <subfield code="a">安田喜憲,</subfield>
         <subfield code="d">1946-</subfield>
      </datafield>
      <datafield tag="OWN" ind1=" " ind2=" ">
         <subfield code="a">GENERAL</subfield>
      </datafield>
      <datafield tag="AVA" ind1=" " ind2=" ">
         <subfield code="a">NYU50</subfield>
         <subfield code="b">BOBST</subfield>
         <subfield code="c">East Asian</subfield>
         <subfield code="d">DS793.Y3 C436 2002</subfield>
         <subfield code="e">available</subfield>
         <subfield code="t">Available</subfield>
         <subfield code="f">1</subfield>
         <subfield code="g">0</subfield>
         <subfield code="h">N</subfield>
         <subfield code="i">0</subfield>
         <subfield code="j">EASIA</subfield>
         <subfield code="k">0</subfield>
      </datafield>
      <datafield tag="AVA" ind1=" " ind2=" ">
         <subfield code="a">NYU50</subfield>
         <subfield code="b">NISAW</subfield>
         <subfield code="c">Large Collection</subfield>
         <subfield code="d">DS793.Y3 C436 2002</subfield>
         <subfield code="e">available</subfield>
         <subfield code="t">Available</subfield>
         <subfield code="f">1</subfield>
         <subfield code="g">0</subfield>
         <subfield code="h">N</subfield>
         <subfield code="i">0</subfield>
         <subfield code="j">LARGE</subfield>
         <subfield code="k">0</subfield>
      </datafield>
      <marc:datafield tag="852" ind1=" " ind2=" ">
         <marc:subfield code="b">Institute for the Study of the Ancient World, </marc:subfield>
         <marc:subfield code="c">Large Collection</marc:subfield>
         <marc:subfield code="e">15 East 84th St., </marc:subfield>
         <marc:subfield code="e">New York, NY  10028</marc:subfield>
      </marc:datafield>
   </record>