
  
  
  
  
  
 
  
  <record xsi:schemaLocation="http://www.loc.gov/MARC21/slim http://www.loc.gov/standards/marcxml/schema/MARC21slim.xsd">
      <leader>00000cam  2200661 i 4500</leader>
      <controlfield tag="FMT">BK</controlfield>
      <controlfield tag="LDR">00000cam  2200661 i 4500</controlfield>
      <controlfield tag="001">004053596</controlfield>
      <controlfield tag="003">OCoLC</controlfield>
      <controlfield tag="005">20141027114813.0</controlfield>
      <controlfield tag="008">141027t20142014mauab    b    001 0 eng</controlfield>
      <datafield tag="010" ind1=" " ind2=" ">
         <subfield code="a">2013037581</subfield>
      </datafield>
      <datafield tag="016" ind1="7" ind2=" ">
         <subfield code="a">016508670</subfield>
         <subfield code="2">Uk</subfield>
      </datafield>
      <datafield tag="020" ind1=" " ind2=" ">
         <subfield code="a">9781614510291 (print)</subfield>
      </datafield>
      <datafield tag="020" ind1=" " ind2=" ">
         <subfield code="a">1614510296 (print)</subfield>
      </datafield>
      <datafield tag="020" ind1=" " ind2=" ">
         <subfield code="z">9781614510352 (ebook)</subfield>
      </datafield>
      <datafield tag="020" ind1=" " ind2=" ">
         <subfield code="z">1614510350 (ebook)</subfield>
      </datafield>
      <datafield tag="020" ind1=" " ind2=" ">
         <subfield code="z">9781614510369 (print/ebook combination)</subfield>
      </datafield>
      <datafield tag="020" ind1=" " ind2=" ">
         <subfield code="z">1614510369 (print/ebook combination)</subfield>
      </datafield>
      <datafield tag="035" ind1=" " ind2=" ">
         <subfield code="a">(OCoLC)858975556</subfield>
         <subfield code="z">(OCoLC)860754339</subfield>
         <subfield code="z">(OCoLC)868016761</subfield>
      </datafield>
      <datafield tag="040" ind1=" " ind2=" ">
         <subfield code="a">DLC</subfield>
         <subfield code="b">eng</subfield>
         <subfield code="e">rda</subfield>
         <subfield code="c">DLC</subfield>
         <subfield code="d">YDX</subfield>
         <subfield code="d">OCLCO</subfield>
         <subfield code="d">UKMGB</subfield>
         <subfield code="d">YDXCP</subfield>
         <subfield code="d">CFT</subfield>
         <subfield code="d">OHX</subfield>
         <subfield code="d">BTCTA</subfield>
         <subfield code="d">JPG</subfield>
         <subfield code="d">CHVBK</subfield>
         <subfield code="d">COO</subfield>
         <subfield code="d">OCLCO</subfield>
         <subfield code="d">OCLCF</subfield>
         <subfield code="d">NNU</subfield>
      </datafield>
      <datafield tag="042" ind1=" " ind2=" ">
         <subfield code="a">pcc</subfield>
      </datafield>
      <datafield tag="043" ind1=" " ind2=" ">
         <subfield code="a">aw-----</subfield>
      </datafield>
      <datafield tag="050" ind1="0" ind2="0">
         <subfield code="a">N5345</subfield>
         <subfield code="b">.C76 2014</subfield>
      </datafield>
      <datafield tag="072" ind1=" " ind2="7">
         <subfield code="a">N</subfield>
         <subfield code="2">lcco</subfield>
      </datafield>
      <datafield tag="082" ind1="0" ind2="0">
         <subfield code="a">709.394</subfield>
         <subfield code="2">23</subfield>
      </datafield>
      <datafield tag="245" ind1="0" ind2="0">
         <subfield code="a">Critical approaches to ancient Near Eastern art /</subfield>
         <subfield code="c">edited by Brian A. Brown and Marian H. Feldman.</subfield>
      </datafield>
      <datafield tag="264" ind1=" " ind2="1">
         <subfield code="a">Boston :</subfield>
         <subfield code="b">De Gruyter,</subfield>
         <subfield code="c">[2014]</subfield>
      </datafield>
      <datafield tag="264" ind1=" " ind2="4">
         <subfield code="c">©2014</subfield>
      </datafield>
      <datafield tag="300" ind1=" " ind2=" ">
         <subfield code="a">xxvi, 812 pages :</subfield>
         <subfield code="b">illustrations, maps (some color) ;</subfield>
         <subfield code="c">25 cm</subfield>
      </datafield>
      <datafield tag="336" ind1=" " ind2=" ">
         <subfield code="a">text</subfield>
         <subfield code="2">rdacontent</subfield>
      </datafield>
      <datafield tag="337" ind1=" " ind2=" ">
         <subfield code="a">unmediated</subfield>
         <subfield code="2">rdamedia</subfield>
      </datafield>
      <datafield tag="338" ind1=" " ind2=" ">
         <subfield code="a">volume</subfield>
         <subfield code="2">rdacarrier</subfield>
      </datafield>
      <datafield tag="504" ind1=" " ind2=" ">
         <subfield code="a">Includes bibliographical references and index.</subfield>
      </datafield>
      <datafield tag="505" ind1="0" ind2="0">
         <subfield code="t">Introduction /</subfield>
         <subfield code="r">Feldman, Marian H. --</subfield>
         <subfield code="g">I.</subfield>
         <subfield code="t">Defining the Field.</subfield>
         <subfield code="t">Archaeology and Politics in Iraq /</subfield>
         <subfield code="r">Werr, Lamia al-Gailani --</subfield>
         <subfield code="t">Forgeries of Ancient Near Eastern Artifacts and Cultures /</subfield>
         <subfield code="r">Muscarella, Oscar White --</subfield>
         <subfield code="t">Beyond the East-West Dichotomy in Syrian and Levantine Wall Paintings /</subfield>
         <subfield code="r">Rüde, Constance von --</subfield>
         <subfield code="t">Orientalism and Orientalization in the Iron Age Mediterranean /</subfield>
         <subfield code="r">Gunter, Ann C. --</subfield>
         <subfield code="g">II.</subfield>
         <subfield code="t">Technologies and Practices of Artistic Production.</subfield>
         <subfield code="t">The Historiography of the Concept of "Workshop" in Ancient Near Eastern Archaeology: Descriptive Models and Theoretical Approaches (Anthropology vs. Art History) /</subfield>
         <subfield code="r">Di Paolo, Silvana --</subfield>
         <subfield code="t">The Impact of the "Portable": Integrating "Minor Arts" into the Ancient Near Eastern Canon /</subfield>
         <subfield code="r">Thomason, Allison Karmel --</subfield>
         <subfield code="t">The Influence of the Physical Medium on the Decoration of a Work of Art: A Case Study of the "Phoenician" Bowls /</subfield>
         <subfield code="r">Onnis, Francesca --</subfield>
      </datafield>
      <datafield tag="505" ind1="0" ind2="0">
         <subfield code="9"/>
         <subfield code="t">Impressions of the Contest Scene: Glyptic Imagery and Sealing Practice in the Akkadian Period /</subfield>
         <subfield code="r">Rakic, Yelena --</subfield>
         <subfield code="t">Histories of Cypriot Art through Seal Carving /</subfield>
         <subfield code="r">Smith, Joanna S. --</subfield>
         <subfield code="g">III.</subfield>
         <subfield code="t">Text and Image.</subfield>
         <subfield code="t">Relating Image and Word in Ancient Mesopotamia /</subfield>
         <subfield code="r">Crawford, Cory D. --</subfield>
         <subfield code="t">Pictorial Mythology and Narrative in the Ancient Near East /</subfield>
         <subfield code="r">Sonik, Karen --</subfield>
         <subfield code="t">Art's Role in the Origins of Writing: The Seal-Carver, the Scribe, and the Earliest Lexical Texts /</subfield>
         <subfield code="r">Ross, Jennifer C. --</subfield>
         <subfield code="t">Posthumous Images and the Memory of the Akkadian Kings /</subfield>
         <subfield code="r">Eppihimer, Melissa --</subfield>
         <subfield code="t">Styles of Pictorial Narratives in Assurbanipal's Reliefs /</subfield>
         <subfield code="r">Watanabe, Chikako E. --</subfield>
         <subfield code="g">IV.</subfield>
         <subfield code="t">Social Identities.</subfield>
         <subfield code="t">Sexuality, Reproduction and Gender in Terracotta Plaques from the Late Third-Early Second Millennia BCE /</subfield>
         <subfield code="r">Graff, Sarah B. --</subfield>
         <subfield code="t">Images and Conceptions of Ideal Feminine Beauty in Neo-Assyrian Royal Contexts, c.883 -- 627 BCE /</subfield>
         <subfield code="r">Gansell, Amy Rebecca --</subfield>
      </datafield>
      <datafield tag="505" ind1="0" ind2="0">
         <subfield code="9"/>
         <subfield code="t">Uniforms and Non-Conformists: Tensions and Trends in Early Dynastic Fashion /</subfield>
         <subfield code="r">Baadsgaard, Aubrey --</subfield>
         <subfield code="t">Terracotta Figurines and Social Identities in Hellenistic Babylonia /</subfield>
         <subfield code="r">Langin-Hooper, Stephanie M. --</subfield>
         <subfield code="t">The Impressed Image: Glyptic Studies as Art and Social History /</subfield>
         <subfield code="r">Garrison, Mark B. --</subfield>
         <subfield code="t">Culture on Display: Representations of Ethnicity in the Art of the Late Assyrian State /</subfield>
         <subfield code="r">Brown, Brian A. --</subfield>
         <subfield code="t">V. Religion, Ritual and Politics: Human, Divine or Both? The Uruk Vase and the Problem of Ambiguity in Early Mesopotamian Visual Arts /</subfield>
         <subfield code="r">Suter, Claudia E. --</subfield>
         <subfield code="t">A Silent Message: Godlike Kings in Mesopotamian Art /</subfield>
         <subfield code="r">Ornan, Tallay --</subfield>
         <subfield code="t">When the Subject is the Object: Relational Ontologies, the Partible Person and Images of Naram-Sin /</subfield>
         <subfield code="r">Porter, Anne --</subfield>
         <subfield code="t">Gods, Heroes, Rituals, and Violence: Warfare in Neo-Assyrian Art /</subfield>
         <subfield code="r">Collins, Paul --</subfield>
         <subfield code="t">The Tell Asmar Hoard and Rituals of Early Dynastic Sculpture /</subfield>
         <subfield code="r">Evans, Jean M. --</subfield>
      </datafield>
      <datafield tag="505" ind1="0" ind2="0">
         <subfield code="9"/>
         <subfield code="g">VI.</subfield>
         <subfield code="t">Making and Defining Space.</subfield>
         <subfield code="t">A Feast for the Eyes: Depiction and Performance of Ritual within the Sacred Space of Middle Bronze Age Ebla /</subfield>
         <subfield code="r">Petty, Alice A. --</subfield>
         <subfield code="t">The Art of Building a Late Assyrian Royal Palace /</subfield>
         <subfield code="r">Kertai, David --</subfield>
         <subfield code="t">The Assyrian Landscape as Ritual /</subfield>
         <subfield code="r">Shafer, Ann --</subfield>
         <subfield code="t">Aesthetics of the Natural Environment in the Arts of the Ancient Near East: The Elamite Rock-Cut Sanctuary of Kurangun /</subfield>
         <subfield code="r">Álvarez-Mon, Javier --</subfield>
         <subfield code="t">Art of the Achaemenid Empire, and Art in the Achaemenid Empire /</subfield>
         <subfield code="r">Colburn, Henry P.</subfield>
      </datafield>
      <datafield tag="650" ind1=" " ind2="0">
         <subfield code="a">Art, Middle Eastern.</subfield>
      </datafield>
      <datafield tag="650" ind1=" " ind2="0">
         <subfield code="a">Art, Ancient</subfield>
         <subfield code="z">Middle East.</subfield>
      </datafield>
      <datafield tag="650" ind1=" " ind2="7">
         <subfield code="a">Art, Ancient.</subfield>
         <subfield code="2">fast</subfield>
         <subfield code="0">(OCoLC)fst00815925</subfield>
      </datafield>
      <datafield tag="650" ind1=" " ind2="7">
         <subfield code="a">Art, Middle Eastern.</subfield>
         <subfield code="2">fast</subfield>
         <subfield code="0">(OCoLC)fst00816611</subfield>
      </datafield>
      <datafield tag="651" ind1=" " ind2="7">
         <subfield code="a">Middle East.</subfield>
         <subfield code="2">fast</subfield>
         <subfield code="0">(OCoLC)fst01241586</subfield>
      </datafield>
      <datafield tag="650" ind1=" " ind2="7">
         <subfield code="a">Altertum.</subfield>
         <subfield code="0">(DE-588)4001480-0</subfield>
         <subfield code="2">gnd</subfield>
      </datafield>
      <datafield tag="650" ind1=" " ind2="7">
         <subfield code="a">Kunst.</subfield>
         <subfield code="0">(DE-588)4114333-4</subfield>
         <subfield code="2">gnd</subfield>
      </datafield>
      <datafield tag="651" ind1=" " ind2="7">
         <subfield code="a">Alter Orient.</subfield>
         <subfield code="0">(DE-588)4001451-4</subfield>
         <subfield code="2">gnd</subfield>
      </datafield>
      <datafield tag="700" ind1="1" ind2=" ">
         <subfield code="a">Brown, Brian A.</subfield>
         <subfield code="q">(Brian Ashley),</subfield>
         <subfield code="e">editor of compilation.</subfield>
      </datafield>
      <datafield tag="700" ind1="1" ind2=" ">
         <subfield code="a">Feldman, Marian H.</subfield>
         <subfield code="e">editor of compilation.</subfield>
      </datafield>
      <datafield tag="776" ind1="0" ind2="8">
         <subfield code="i">Also available as an Online resource:</subfield>
         <subfield code="t">Critical approaches to ancient Near Eastern art.</subfield>
         <subfield code="d">Boston : De Gruyter, c2014</subfield>
         <subfield code="w">(OCoLC)868029524</subfield>
      </datafield>
      <datafield tag="994" ind1=" " ind2=" ">
         <subfield code="a">Z0</subfield>
         <subfield code="b">ZYU</subfield>
      </datafield>
      <datafield tag="OWN" ind1=" " ind2=" ">
         <subfield code="a">GENERAL</subfield>
      </datafield>
      <datafield tag="AVA" ind1=" " ind2=" ">
         <subfield code="a">NYU50</subfield>
         <subfield code="b">NISAW</subfield>
         <subfield code="c">Small Collection</subfield>
         <subfield code="d">N5345 .C76 2014</subfield>
         <subfield code="e">available</subfield>
         <subfield code="t">Available</subfield>
         <subfield code="f">1</subfield>
         <subfield code="g">0</subfield>
         <subfield code="h">N</subfield>
         <subfield code="i">0</subfield>
         <subfield code="j">SMALL</subfield>
         <subfield code="k">0</subfield>
      </datafield>
      <marc:datafield tag="852" ind1=" " ind2=" ">
         <marc:subfield code="b">Institute for the Study of the Ancient World, </marc:subfield>
         <marc:subfield code="c">Small Collection</marc:subfield>
         <marc:subfield code="e">15 East 84th St., </marc:subfield>
         <marc:subfield code="e">New York, NY  10028</marc:subfield>
      </marc:datafield>
   </record>