
  
  
  
  
  
 
  
  <record xsi:schemaLocation="http://www.loc.gov/MARC21/slim http://www.loc.gov/standards/marcxml/schema/MARC21slim.xsd">
      <leader>00000cam  2200757 a 4500</leader>
      <controlfield tag="FMT">BK</controlfield>
      <controlfield tag="LDR">00000cam  2200757 a 4500</controlfield>
      <controlfield tag="001">004053588</controlfield>
      <controlfield tag="003">OCoLC</controlfield>
      <controlfield tag="005">20141027115912.0</controlfield>
      <controlfield tag="008">141027s2002    cc ab    b    000 0 chi d</controlfield>
      <datafield tag="010" ind1=" " ind2=" ">
         <subfield code="a">2009435764</subfield>
      </datafield>
      <datafield tag="020" ind1=" " ind2=" ">
         <subfield code="a">7501013268</subfield>
      </datafield>
      <datafield tag="020" ind1=" " ind2=" ">
         <subfield code="a">9787501013265</subfield>
      </datafield>
      <datafield tag="035" ind1=" " ind2=" ">
         <subfield code="a">(OCoLC)51018959</subfield>
      </datafield>
      <datafield tag="040" ind1=" " ind2=" ">
         <subfield code="a">DSI-F</subfield>
         <subfield code="b">eng</subfield>
         <subfield code="c">PIT</subfield>
         <subfield code="d">DLC</subfield>
         <subfield code="d">SM7</subfield>
         <subfield code="d">DRB</subfield>
         <subfield code="d">SINLB</subfield>
         <subfield code="d">DEBBG</subfield>
         <subfield code="d">OCLCF</subfield>
         <subfield code="d">NNU</subfield>
      </datafield>
      <datafield tag="041" ind1="0" ind2=" ">
         <subfield code="a">chi</subfield>
         <subfield code="b">eng</subfield>
         <subfield code="f">eng</subfield>
      </datafield>
      <datafield tag="042" ind1=" " ind2=" ">
         <subfield code="a">lccopycat</subfield>
      </datafield>
      <datafield tag="043" ind1=" " ind2=" ">
         <subfield code="a">a-cc---</subfield>
      </datafield>
      <datafield tag="050" ind1="0" ind2="0">
         <subfield code="a">DS793.Y3</subfield>
         <subfield code="b">S465 2002</subfield>
      </datafield>
      <datafield tag="066" ind1=" " ind2=" ">
         <subfield code="c">$1</subfield>
      </datafield>
      <datafield tag="082" ind1="0" ind2="4">
         <subfield code="a">398.20951</subfield>
         <subfield code="2">21</subfield>
      </datafield>
      <datafield tag="245" ind1="0" ind2="0">
         <subfield code="6">880-01</subfield>
         <subfield code="a">Shen hua ji si yu Chang Jiang wen ming /</subfield>
         <subfield code="c">Antian Xixian zhu bian.</subfield>
      </datafield>
      <datafield tag="246" ind1="1" ind2="5">
         <subfield code="a">Myths and rituals of the Yangtze River civilization</subfield>
      </datafield>
      <datafield tag="250" ind1=" " ind2=" ">
         <subfield code="6">880-02</subfield>
         <subfield code="a">Di 1 ban.</subfield>
      </datafield>
      <datafield tag="260" ind1=" " ind2=" ">
         <subfield code="6">880-03</subfield>
         <subfield code="a">Beijing :</subfield>
         <subfield code="b">Wen wu chu ban she,</subfield>
         <subfield code="c">2002.</subfield>
      </datafield>
      <datafield tag="300" ind1=" " ind2=" ">
         <subfield code="a">4, 284 p. :</subfield>
         <subfield code="b">col. ill., maps ;</subfield>
         <subfield code="c">27 cm.</subfield>
      </datafield>
      <datafield tag="504" ind1=" " ind2=" ">
         <subfield code="a">Includes bibliographical references.</subfield>
      </datafield>
      <datafield tag="546" ind1=" " ind2=" ">
         <subfield code="a">Table of contents and abstract for each article in English.</subfield>
      </datafield>
      <datafield tag="520" ind1=" " ind2=" ">
         <subfield code="6">880-04</subfield>
         <subfield code="a">Ben wen suo shou ji de lun wen zhu yao shi 1999 nian 6 yue zai Riben Jingdu guo ji Riben wen hua yan jiu zhong xin zhao kai de Ri Zhong guo ji xue shu yan tao hui "Shen hua, Ji si, Chang Jiang wen ming" de can hui lun wen.</subfield>
      </datafield>
      <datafield tag="505" ind1="0" ind2="0">
         <subfield code="6">880-05</subfield>
         <subfield code="g">Chang Jiang wen ming de shen hua yu ji si.</subfield>
         <subfield code="t">Long de wen ming shi /</subfield>
         <subfield code="r">Antianxixian --</subfield>
         <subfield code="t">Long：da he wen ming yun yu de guai shou /</subfield>
         <subfield code="r">Huangchuanhong --</subfield>
         <subfield code="t">Shi lun long yu li, ma, niu, yang, lu, quan de guan xi /</subfield>
         <subfield code="r">Li Guodong --</subfield>
         <subfield code="t">Qing tong shi dai Dian ren de zong jiao /</subfield>
         <subfield code="r">Xiao Minghua --</subfield>
         <subfield code="t">Dian qing tong wen hua de qi yuan, nian dai, ji qi chong bai /</subfield>
         <subfield code="r">Yang Fan --</subfield>
         <subfield code="t">Hunan Sheng Longhui Xian Xiaoshajiang Yao zu tiao hua tu an de jie shao yu fen xi /</subfield>
         <subfield code="r">He Qiang --</subfield>
         <subfield code="t">Dao, niao he tai yang de ji si /</subfield>
         <subfield code="r">Qiuyuanxiusanlang --</subfield>
         <subfield code="t">Gui men, tao de fu zhou li yu tai yang xin yang /</subfield>
         <subfield code="r">Wang Xiuwen --</subfield>
         <subfield code="t">Chongqing Wu Shan Dong Han mu chu tu Xi wang mu tian men hua xiang guan tong pai yu dao jiao：fu shuo zao qi Tian shi dao de zhu shen tian di /</subfield>
         <subfield code="r">zhang Xunliao --</subfield>
         <subfield code="t">Chang Jiang shang you gu Ba Shu xin yang de wen hua bei jing /</subfield>
         <subfield code="r">Yu Weichao --</subfield>
         <subfield code="t">Lun Hunan de shi qian zong jiao yi cun /</subfield>
         <subfield code="r">Guo Weimin --</subfield>
         <subfield code="t">Sichuan Han dai hua xiang mu yu shen xian fang shu he zao qi Dao jiao /</subfield>
         <subfield code="r">Luo Erhu.</subfield>
      </datafield>
      <datafield tag="505" ind1="0" ind2="0">
         <subfield code="6">880-06</subfield>
         <subfield code="g">Shi jie wen ming de shen hua yu ji si.</subfield>
         <subfield code="t">Jieyeli yi zhi de ji si yu Chang Jiang wen ming /</subfield>
         <subfield code="r">Qitiangzhongzhao --</subfield>
         <subfield code="t">Xi fang de long yu dong fang de long /</subfield>
         <subfield code="r">Tianzhongyingdao --</subfield>
         <subfield code="t">Maya wen ming de yu zhou guan he ji si /</subfield>
         <subfield code="r">Gaoshanzhibo --</subfield>
         <subfield code="g">Ri Zhong xie shou, chuang zao mei li de di qiu jia yuan.</subfield>
      </datafield>
      <datafield tag="651" ind1=" " ind2="0">
         <subfield code="a">Yangtze River Valley (China)</subfield>
         <subfield code="x">Civilization.</subfield>
      </datafield>
      <datafield tag="650" ind1=" " ind2="0">
         <subfield code="a">Mythology, Chinese</subfield>
         <subfield code="z">China.</subfield>
      </datafield>
      <datafield tag="650" ind1=" " ind2="0">
         <subfield code="a">Ritual</subfield>
         <subfield code="z">China.</subfield>
      </datafield>
      <datafield tag="650" ind1=" " ind2="0">
         <subfield code="a">Rites and ceremonies</subfield>
         <subfield code="z">China</subfield>
         <subfield code="x">History.</subfield>
      </datafield>
      <datafield tag="650" ind1="0" ind2="7">
         <subfield code="a">Kultur.</subfield>
         <subfield code="2">swd</subfield>
      </datafield>
      <datafield tag="650" ind1="0" ind2="7">
         <subfield code="a">Mythologie.</subfield>
         <subfield code="2">swd</subfield>
      </datafield>
      <datafield tag="651" ind1=" " ind2="7">
         <subfield code="a">Jangtsekiangtal.</subfield>
         <subfield code="2">swd</subfield>
      </datafield>
      <datafield tag="650" ind1=" " ind2="7">
         <subfield code="a">Civilization.</subfield>
         <subfield code="2">fast</subfield>
         <subfield code="0">(OCoLC)fst00862898</subfield>
      </datafield>
      <datafield tag="650" ind1=" " ind2="7">
         <subfield code="a">Mythology, Chinese.</subfield>
         <subfield code="2">fast</subfield>
         <subfield code="0">(OCoLC)fst01031754</subfield>
      </datafield>
      <datafield tag="650" ind1=" " ind2="7">
         <subfield code="a">Rites and ceremonies.</subfield>
         <subfield code="2">fast</subfield>
         <subfield code="0">(OCoLC)fst01098216</subfield>
      </datafield>
      <datafield tag="650" ind1=" " ind2="7">
         <subfield code="a">Ritual.</subfield>
         <subfield code="2">fast</subfield>
         <subfield code="0">(OCoLC)fst01098241</subfield>
      </datafield>
      <datafield tag="651" ind1=" " ind2="7">
         <subfield code="a">China.</subfield>
         <subfield code="2">fast</subfield>
         <subfield code="0">(OCoLC)fst01206073</subfield>
      </datafield>
      <datafield tag="651" ind1=" " ind2="7">
         <subfield code="a">China</subfield>
         <subfield code="z">Yangtze River Valley.</subfield>
         <subfield code="2">fast</subfield>
         <subfield code="0">(OCoLC)fst01275745</subfield>
      </datafield>
      <datafield tag="648" ind1=" " ind2="7">
         <subfield code="a">Geschichte 2000 v. Chr.-1000 v. Chr.</subfield>
         <subfield code="2">swd</subfield>
      </datafield>
      <datafield tag="655" ind1=" " ind2="7">
         <subfield code="a">History.</subfield>
         <subfield code="2">fast</subfield>
         <subfield code="0">(OCoLC)fst01411628</subfield>
      </datafield>
      <datafield tag="700" ind1="1" ind2=" ">
         <subfield code="a">Yasuda, Yoshinori,</subfield>
         <subfield code="d">1946-</subfield>
         <subfield code="6">880-07</subfield>
      </datafield>
      <datafield tag="880" ind1="0" ind2="0">
         <subfield code="6">245-01/</subfield>
         <subfield code="a">神话祭祀与长江文明 /</subfield>
         <subfield code="c">安田喜宪主编.</subfield>
      </datafield>
      <datafield tag="880" ind1=" " ind2=" ">
         <subfield code="6">250-02/</subfield>
         <subfield code="a">第1版.</subfield>
      </datafield>
      <datafield tag="880" ind1=" " ind2=" ">
         <subfield code="6">260-03/</subfield>
         <subfield code="a">北京 :</subfield>
         <subfield code="b">文物出版社,</subfield>
         <subfield code="c">2002.</subfield>
      </datafield>
      <datafield tag="880" ind1=" " ind2=" ">
         <subfield code="6">520-04/</subfield>
         <subfield code="a">本文所收集的论文主要是1999年6月在日本京都国际日本文化研究中心召开的日中国际学术研讨会“神话祭祀与长江文明” 的参会论文.</subfield>
      </datafield>
      <datafield tag="880" ind1="0" ind2="0">
         <subfield code="6">505-05/</subfield>
         <subfield code="g">长江文明的神话与祭祀.</subfield>
         <subfield code="t">龙的文明史 /</subfield>
         <subfield code="r">安田喜宪 龙：大河文明孕育的怪兽 /</subfield>
         <subfield code="r">荒川纮 --</subfield>
         <subfield code="t">试论龙与鲤，马，牛，羊，鹿，犬的关系 /</subfield>
         <subfield code="r">李国栋 --</subfield>
         <subfield code="t">青铜时代滇人的宗教 /</subfield>
         <subfield code="r">肖明华 --</subfield>
         <subfield code="t">滇青铜文化的起源，年代，及其崇拜 /</subfield>
         <subfield code="r">杨帆 --</subfield>
         <subfield code="t">湖南省隆回县小沙江瑶族挑花图案的介绍与分析 /</subfield>
         <subfield code="r">何强 --</subfield>
         <subfield code="t">稻，鸟和太阳的祭祀 /</subfield>
         <subfield code="r">萩原秀三郎 --</subfield>
         <subfield code="t">鬼门，桃的符咒力与太阳信仰 /</subfield>
         <subfield code="r">王秀文 --</subfield>
         <subfield code="t">重庆巫山东汉墓出土西王母天门画像棺铜牌与道教：附说早期天师道的主神天帝 /</subfield>
         <subfield code="r">张勋燎 --</subfield>
         <subfield code="t">长江上游古巴蜀信仰的文化背景 /</subfield>
         <subfield code="r">俞伟超 --</subfield>
         <subfield code="t">论湖南的史前宗教遗存 /</subfield>
         <subfield code="r">郭伟民 --</subfield>
         <subfield code="t">四川汉代画像墓与神仙方术和早期道教 /</subfield>
         <subfield code="r">罗二虎</subfield>
      </datafield>
      <datafield tag="880" ind1="0" ind2="0">
         <subfield code="6">505-06/</subfield>
         <subfield code="g">世界文明的神话与祭祀.</subfield>
         <subfield code="t">吉野里遗址的祭祀与长江文明 /</subfield>
         <subfield code="r">七田忠昭 --</subfield>
         <subfield code="t">西方的龙与东方的龙 /</subfield>
         <subfield code="r">田中英道 --</subfield>
         <subfield code="t">玛雅文明的宇宙观和祭祀 /</subfield>
         <subfield code="r">高山智博</subfield>
         <subfield code="g">日中携手，创造美丽的地球家园</subfield>
      </datafield>
      <datafield tag="880" ind1="1" ind2=" ">
         <subfield code="6">700-07/</subfield>
         <subfield code="a">安田喜宪,</subfield>
         <subfield code="d">1946-</subfield>
      </datafield>
      <datafield tag="994" ind1=" " ind2=" ">
         <subfield code="a">Z0</subfield>
         <subfield code="b">ZYU</subfield>
      </datafield>
      <datafield tag="OWN" ind1=" " ind2=" ">
         <subfield code="a">GENERAL</subfield>
      </datafield>
      <datafield tag="987" ind1=" " ind2=" ">
         <subfield code="a">PINYIN</subfield>
         <subfield code="b">DFG</subfield>
         <subfield code="d">c</subfield>
      </datafield>
      <datafield tag="AVA" ind1=" " ind2=" ">
         <subfield code="a">NYU50</subfield>
         <subfield code="b">NISAW</subfield>
         <subfield code="c">Small Collection</subfield>
         <subfield code="d">DS793.Y3 S465 2002</subfield>
         <subfield code="e">available</subfield>
         <subfield code="t">Available</subfield>
         <subfield code="f">1</subfield>
         <subfield code="g">0</subfield>
         <subfield code="h">N</subfield>
         <subfield code="i">0</subfield>
         <subfield code="j">SMALL</subfield>
         <subfield code="k">0</subfield>
      </datafield>
      <marc:datafield tag="852" ind1=" " ind2=" ">
         <marc:subfield code="b">Institute for the Study of the Ancient World, </marc:subfield>
         <marc:subfield code="c">Small Collection</marc:subfield>
         <marc:subfield code="e">15 East 84th St., </marc:subfield>
         <marc:subfield code="e">New York, NY  10028</marc:subfield>
      </marc:datafield>
   </record>