
  
  
  
  
  
  
 
  
  <record xsi:schemaLocation="http://www.loc.gov/MARC21/slim http://www.loc.gov/standards/marcxml/schema/MARC21slim.xsd">
      <leader>00000nam a22      i 4500</leader>
      <controlfield tag="FMT">BK</controlfield>
      <controlfield tag="LDR">00000nam a22      i 4500</controlfield>
      <controlfield tag="001">004053813</controlfield>
      <controlfield tag="005">20141028115650.0</controlfield>
      <controlfield tag="008">141028s2008    cc a          000 0 chi d</controlfield>
      <datafield tag="020" ind1=" " ind2=" ">
         <subfield code="a">9787501026302</subfield>
      </datafield>
      <datafield tag="020" ind1=" " ind2=" ">
         <subfield code="a">7501026300</subfield>
      </datafield>
      <datafield tag="040" ind1=" " ind2=" ">
         <subfield code="a">NNU</subfield>
         <subfield code="b">eng</subfield>
         <subfield code="c">NNU</subfield>
         <subfield code="e">rda</subfield>
      </datafield>
      <datafield tag="043" ind1=" " ind2=" ">
         <subfield code="a">a-cc-ho</subfield>
      </datafield>
      <datafield tag="050" ind1=" " ind2="4">
         <subfield code="a">PL2457.A5</subfield>
         <subfield code="b">A53 2008</subfield>
      </datafield>
      <datafield tag="066" ind1=" " ind2=" ">
         <subfield code="c">$1</subfield>
      </datafield>
      <datafield tag="245" ind1="0" ind2="0">
         <subfield code="6">880-01</subfield>
         <subfield code="a">Anyang jia gu xue hui wen ji /</subfield>
         <subfield code="c">Duan Zhenmei zhu bian ; Anyang jia gu xue hui bian.</subfield>
      </datafield>
      <datafield tag="250" ind1=" " ind2=" ">
         <subfield code="6">880-02</subfield>
         <subfield code="a">Di 1 ban.</subfield>
      </datafield>
      <datafield tag="264" ind1=" " ind2="1">
         <subfield code="6">880-03</subfield>
         <subfield code="a">Beijing :</subfield>
         <subfield code="b">Wen wu chu ban she,</subfield>
         <subfield code="c">2008.</subfield>
      </datafield>
      <datafield tag="300" ind1=" " ind2=" ">
         <subfield code="a">231 pages :</subfield>
         <subfield code="b">illustrations ;</subfield>
         <subfield code="c">26 cm.</subfield>
      </datafield>
      <datafield tag="336" ind1=" " ind2=" ">
         <subfield code="a">text</subfield>
         <subfield code="b">txt</subfield>
         <subfield code="2">rdacontent</subfield>
      </datafield>
      <datafield tag="337" ind1=" " ind2=" ">
         <subfield code="a">unmediated</subfield>
         <subfield code="b">n</subfield>
         <subfield code="2">rdamedia</subfield>
      </datafield>
      <datafield tag="338" ind1=" " ind2=" ">
         <subfield code="a">volume</subfield>
         <subfield code="b">nc</subfield>
         <subfield code="2">rdacarrier</subfield>
      </datafield>
      <datafield tag="505" ind1="0" ind2="0">
         <subfield code="6">880-04</subfield>
         <subfield code="t">80 nian lai Yixu yi zhi bao hu de hui gu yu zhan wang : ji nan Yinxu ke xue fa jue 80 zhou nian /</subfield>
         <subfield code="r">Duan Zhenmei, Li Fuqiang, Zhou Wei --</subfield>
         <subfield code="t">Shi jia gu wen “Gen” ；Du "Huang" zha ji；"Huan bao zhai suo cang jia gu" 238 shi du /</subfield>
         <subfield code="r">Dang Xiangkui --</subfield>
         <subfield code="t">Jia gu wen zhong de nei yu sheng cheng guan xi /</subfield>
         <subfield code="r">Guo Qingping --</subfield>
         <subfield code="t">Jia gu wen ji, ji, bang san zi de yi tong /</subfield>
         <subfield code="r">Dang Ning --</subfield>
         <subfield code="t">Yinxu Huadong H3 bu ci pai pu fen xi yu yan jiu /</subfield>
         <subfield code="r">Han Jiangsu --</subfield>
         <subfield code="t">Jia gu bu ci suo jian de Shang dai xian jie xian fu li /</subfield>
         <subfield code="r">Guo Xudong --</subfield>
         <subfield code="t">Jia gu xue jia yu jia gu wen shu fa /</subfield>
         <subfield code="r">Guo Shengqiang, Li Xueshan --</subfield>
         <subfield code="t">Xin fa xian de yi pian zheng ren bu ci /</subfield>
         <subfield code="r">Jiao Zhiqin --</subfield>
         <subfield code="t">Jia gu wen zi shen xing hua de mei xue quan shi /</subfield>
         <subfield code="r">Liu Ming --</subfield>
         <subfield code="t">Shang dai tao wen wu ze /</subfield>
         <subfield code="r">Jiao Zhiqin --</subfield>
         <subfield code="t">Shang dai tao qi, yin wen tao ji gu zhi wen ju de lian xiang /</subfield>
         <subfield code="r">Zhao Baoyu --</subfield>
         <subfield code="t">Shang zhou du chao ge shuo de chan bian /</subfield>
         <subfield code="r">Li Hongfei --</subfield>
         <subfield code="t">Jin nian lai Yinxu bia nyua nqu yu kao gu gai shu /</subfield>
         <subfield code="r">Li Guichang, Meng Xianwu, Li Yang --</subfield>
         <subfield code="t">Cong Xia Shang gong jian fa zhan tan Yinxu gong jian zong miao yi zhi de te shu xing /</subfield>
         <subfield code="r">Liu Yanjun --</subfield>
         <subfield code="t">Yinxu sheng chang gong ju zong lun /</subfield>
         <subfield code="r">Kong Deming</subfield>
      </datafield>
      <datafield tag="505" ind1="0" ind2="0">
         <subfield code="6">880-05</subfield>
         <subfield code="t">Anyang bo wu guan guan cang Yin Shang qing tong li qi yan jiu /</subfield>
         <subfield code="r">Zhu Aiqin, Yang He --</subfield>
         <subfield code="t">Anyang Shi xin chu tu de Yinxu yu qi de wu sun fen xi jian ce bao gao /</subfield>
         <subfield code="r">Gan Fuxi, Kong Deming, Cheng Huangsheng --</subfield>
         <subfield code="t">Yi Fu Hao ou fang yi wei li kan Yin Shang shi qi niao tu teng wen hua de chuan cheng /</subfield>
         <subfield code="r">Wang Yuqing, Wang Yishan --</subfield>
         <subfield code="t">Yin Shang she jian chu bu yan jiu /</subfield>
         <subfield code="r">Lu Jinfeng --</subfield>
         <subfield code="t">Yinxu yu qi de shen mei qu xiang ji qi min zu te zheng /</subfield>
         <subfield code="r">Yang Hongmei --</subfield>
         <subfield code="t">Pan Geng qian Yin de di wang yu Yuan bei Shang cheng /</subfield>
         <subfield code="r">Li Huifen --</subfield>
         <subfield code="t">Shang dai jian cha zhi du gou cheng qian lun /</subfield>
         <subfield code="r">Li Xueshan --</subfield>
         <subfield code="t">Shang dai gong fu /</subfield>
         <subfield code="r">Meng Zhaoyan --</subfield>
         <subfield code="t">Yin Shang ke ji cheng jiu chu tan /</subfield>
         <subfield code="r">Guo Shengqiang --</subfield>
         <subfield code="t">Qian xi Henan Yongcheng Shi tong Han mu bi hua zai zao qi sang zang hui hua fa zhan zhong de di wei yu zuo yong /</subfield>
         <subfield code="r">Xi Qifeng, Yang Xin --</subfield>
         <subfield code="t">You guan Jiananda han xue jia Mingyishi bo shi ji qi gu ju ji ge cun yi wen ti yan jiu /</subfield>
         <subfield code="r">Liu Zhiwei --</subfield>
         <subfield code="t">Cong han zi zhi yuan kan min zu wen hua zhi gen /</subfield>
         <subfield code="r">Chen Kaidong --</subfield>
         <subfield code="t">Pangu chuan shuo de Zhongguo yin su fen xi /</subfield>
         <subfield code="r">Yang Jianqiang --</subfield>
         <subfield code="t">Anyang qi chao gu du yan ge gai shuo /</subfield>
         <subfield code="r">Wang Yingxi --</subfield>
         <subfield code="t">Ba da gu du : Zhong hua min zu can lan wen ming de gao feng he cheng dian /</subfield>
         <subfield code="r">Guo Shengqiang, Yang Wendao.</subfield>
      </datafield>
      <datafield tag="520" ind1=" " ind2=" ">
         <subfield code="6">880-06</subfield>
         <subfield code="a">Ben shu shou ji le yan jiu jia gu wen he Yinxu wen hua de lun wen 30 yu pian. Yan jiu ling yu she ji dao jia gu wen, qing tong qi, tao qi, yu qi ji Yinxu kao gu, jia gu wen shu fa, wen wu bao hu yu jing ding deng duo ge fang mian, dai biao le Anyang Shi xue shu yan jiu de xin shui ping.</subfield>
      </datafield>
      <datafield tag="504" ind1=" " ind2=" ">
         <subfield code="a">Includes bibliographical references.</subfield>
      </datafield>
      <datafield tag="650" ind1=" " ind2="0">
         <subfield code="a">Oracle bones</subfield>
         <subfield code="6">880-07</subfield>
         <subfield code="z">China</subfield>
         <subfield code="z">Anyang Shi.</subfield>
      </datafield>
      <datafield tag="650" ind1=" " ind2="0">
         <subfield code="a">Inscriptions, Chinese</subfield>
         <subfield code="6">880-08</subfield>
         <subfield code="z">China</subfield>
         <subfield code="z">Anyang Shi.</subfield>
      </datafield>
      <datafield tag="700" ind1="1" ind2=" ">
         <subfield code="a">Duan, Zhenmei</subfield>
         <subfield code="6">880-09</subfield>
         <subfield code="e">editor.</subfield>
      </datafield>
      <datafield tag="710" ind1="2" ind2=" ">
         <subfield code="6">880-10</subfield>
         <subfield code="a">Anyang jia gu xue hui,</subfield>
         <subfield code="e">editor.</subfield>
      </datafield>
      <datafield tag="880" ind1="0" ind2="0">
         <subfield code="6">245-01/</subfield>
         <subfield code="a">安阳甲骨学会文集 /</subfield>
         <subfield code="c">段振美主编 ; 安阳甲骨学会编.</subfield>
      </datafield>
      <datafield tag="880" ind1=" " ind2=" ">
         <subfield code="6">250-02/</subfield>
         <subfield code="a">第1版.</subfield>
      </datafield>
      <datafield tag="880" ind1=" " ind2="1">
         <subfield code="6">264-03/</subfield>
         <subfield code="a">北京 :</subfield>
         <subfield code="b">文物出版社,</subfield>
         <subfield code="c">2008.</subfield>
      </datafield>
      <datafield tag="880" ind1="0" ind2="0">
         <subfield code="6">505-04/</subfield>
         <subfield code="t">80年来殷墟遗址保护的回顾与展望 : 纪念殷墟科学发掘80周年 /</subfield>
         <subfield code="r">段振美, 李付, 强周伟 --</subfield>
         <subfield code="t">释甲骨文“根” ；读《洹》札记 ；《洹宝斋所藏甲骨》238释读/</subfield>
         <subfield code="r">党相魁 --</subfield>
         <subfield code="t">甲骨文中的孳乳生成关系/</subfield>
         <subfield code="r">郭青萍 --</subfield>
         <subfield code="t">甲骨文即、既、绑三字的异同 /</subfield>
         <subfield code="r">党宁 --</subfield>
         <subfield code="t">殷墟花东H3卜辞排谱分析与研究 /</subfield>
         <subfield code="r">韩江苏 --</subfield>
         <subfield code="t">甲骨卜辞所见的商代献捷献俘礼/</subfield>
         <subfield code="r">郭旭东 --</subfield>
         <subfield code="t">甲骨学家与甲骨文书法 /</subfield>
         <subfield code="r">郭胜强，李雪山 --</subfield>
         <subfield code="t">新发现的一片征人方卜辞 /</subfield>
         <subfield code="r">焦智勤 --</subfield>
         <subfield code="t">甲骨文字神性化的美学诠释 /</subfield>
         <subfield code="r">刘鸣 --</subfield>
         <subfield code="t">商代陶文五例 /</subfield>
         <subfield code="r">焦智勤 --</subfield>
         <subfield code="t">代陶器、印纹陶及骨制印纹具的联想 /</subfield>
         <subfield code="r">赵宝玉 --</subfield>
         <subfield code="t">商纣都朝歌说”的嬗变 /</subfield>
         <subfield code="r">李宏飞 --</subfield>
         <subfield code="t">近年来殷墟边缘区域考古概述 /</subfield>
         <subfield code="r">李贵昌，孟宪武，李阳 --</subfield>
         <subfield code="t">从夏商宫殿发展谈殷墟宫殿宗庙遗址的特殊性 /</subfield>
         <subfield code="r">刘彦军 --</subfield>
         <subfield code="t">殷墟生产工具综论 /</subfield>
         <subfield code="r">孔德铭</subfield>
      </datafield>
      <datafield tag="880" ind1="0" ind2="0">
         <subfield code="6">505-05/</subfield>
         <subfield code="t">安阳博物馆馆藏殷商青铜礼器研究 /</subfield>
         <subfield code="r">朱爱芹，杨鹤 --</subfield>
         <subfield code="t">安阳市新出土殷墟玉器的无损分析检测报告 /</subfield>
         <subfield code="r">干福熹，孔德铭，承焕生 --</subfield>
         <subfield code="t">以妇好偶方彝为例看殷商时期鸟图腾文化的传承 /</subfield>
         <subfield code="r">王玉清，王一燊 --</subfield>
         <subfield code="t">殷商射箭初步研究 /</subfield>
         <subfield code="r">芦金峰 --</subfield>
         <subfield code="t">殷墟玉器的审美取向及其民族特征 /</subfield>
         <subfield code="r">杨红梅 --</subfield>
         <subfield code="t">盘庚迁殷的地望与洹北商城 /</subfield>
         <subfield code="r">李慧芬 --</subfield>
         <subfield code="t">商代监察制度钩沉浅论 /</subfield>
         <subfield code="r">李雪山 --</subfield>
         <subfield code="t">商代贡赋 /</subfield>
         <subfield code="r">孟昭彦 --</subfield>
         <subfield code="t">殷商科技成就探论 /</subfield>
         <subfield code="r">郭胜强 --</subfield>
         <subfield code="t">浅析河南永城柿同汉墓壁画在早期丧葬绘画发展中的地位与作用 /</subfield>
         <subfield code="r">席奇峰，杨鑫 --</subfield>
         <subfield code="t">有关加拿大汉学家明义士博士及其故居几个存疑问题的研究 /</subfield>
         <subfield code="r">刘志伟 --</subfield>
         <subfield code="t">从汉字之源看民族文化之根 /</subfield>
         <subfield code="r">陈凯东 --</subfield>
         <subfield code="t">盘古传说的中国因素分析 /</subfield>
         <subfield code="r">杨建强 --</subfield>
         <subfield code="t">安阳七朝古都沿革概说 /</subfield>
         <subfield code="r">王迎喜 --</subfield>
         <subfield code="t">八大古都 : 中华民族灿烂文明的高峰和撑点 /</subfield>
         <subfield code="r">郭胜强，杨文道.</subfield>
      </datafield>
      <datafield tag="880" ind1=" " ind2=" ">
         <subfield code="6">520-06/</subfield>
         <subfield code="a">本书收集了研究甲骨文和殷墟文化的论文30余篇。研究领域涉及到甲骨文、青铜器、陶器、玉器及殷墟考古、甲骨文书法、文物保护与鉴定等多个方面，代表了安阳市学术研究的新水平。</subfield>
      </datafield>
      <datafield tag="880" ind1=" " ind2="4">
         <subfield code="6">650-07/</subfield>
         <subfield code="a">Oracle bones</subfield>
         <subfield code="z">China</subfield>
         <subfield code="z">安阳市</subfield>
      </datafield>
      <datafield tag="880" ind1=" " ind2="4">
         <subfield code="6">650-08/</subfield>
         <subfield code="a">Inscriptions, Chinese</subfield>
         <subfield code="z">China</subfield>
         <subfield code="z">安阳市</subfield>
      </datafield>
      <datafield tag="880" ind1="1" ind2=" ">
         <subfield code="6">700-09/</subfield>
         <subfield code="a">段振美,</subfield>
         <subfield code="e">editor.</subfield>
      </datafield>
      <datafield tag="880" ind1="2" ind2=" ">
         <subfield code="6">710-10/</subfield>
         <subfield code="a">安阳甲骨学会,</subfield>
         <subfield code="e">editor.</subfield>
      </datafield>
      <datafield tag="OWN" ind1=" " ind2=" ">
         <subfield code="a">GENERAL</subfield>
      </datafield>
      <datafield tag="AVA" ind1=" " ind2=" ">
         <subfield code="a">NYU50</subfield>
         <subfield code="b">NISAW</subfield>
         <subfield code="c">Small Collection</subfield>
         <subfield code="d">PL2457.A5 A53 2008</subfield>
         <subfield code="e">available</subfield>
         <subfield code="t">Available</subfield>
         <subfield code="f">1</subfield>
         <subfield code="g">0</subfield>
         <subfield code="h">N</subfield>
         <subfield code="i">0</subfield>
         <subfield code="j">SMALL</subfield>
         <subfield code="k">0</subfield>
      </datafield>
      <marc:datafield tag="852" ind1=" " ind2=" ">
         <marc:subfield code="b">Institute for the Study of the Ancient World, </marc:subfield>
         <marc:subfield code="c">Small Collection</marc:subfield>
         <marc:subfield code="e">15 East 84th St., </marc:subfield>
         <marc:subfield code="e">New York, NY  10028</marc:subfield>
      </marc:datafield>
   </record>