
  
  
  
  
  
 
  
  <record xsi:schemaLocation="http://www.loc.gov/MARC21/slim http://www.loc.gov/standards/marcxml/schema/MARC21slim.xsd">
      <leader>00000cas  2200541 a 4500</leader>
      <controlfield tag="FMT">SE</controlfield>
      <controlfield tag="LDR">00000cas  2200541 a 4500</controlfield>
      <controlfield tag="001">004054424</controlfield>
      <controlfield tag="003">OCoLC</controlfield>
      <controlfield tag="005">20141030142148.0</controlfield>
      <controlfield tag="008">141030c19779999cc ar         0   c0chi</controlfield>
      <datafield tag="010" ind1=" " ind2=" ">
         <subfield code="a">81644225</subfield>
      </datafield>
      <datafield tag="035" ind1=" " ind2=" ">
         <subfield code="a">(OCoLC)7797973</subfield>
      </datafield>
      <datafield tag="040" ind1=" " ind2=" ">
         <subfield code="a">DLC</subfield>
         <subfield code="b">eng</subfield>
         <subfield code="c">DLC</subfield>
         <subfield code="d">NST</subfield>
         <subfield code="d">DLC</subfield>
         <subfield code="d">NST</subfield>
         <subfield code="d">OCL</subfield>
         <subfield code="d">OCLCO</subfield>
         <subfield code="d">OCLCQ</subfield>
         <subfield code="d">OCLCO</subfield>
         <subfield code="d">OCLCF</subfield>
         <subfield code="d">NNU</subfield>
      </datafield>
      <datafield tag="042" ind1=" " ind2=" ">
         <subfield code="a">pcc</subfield>
      </datafield>
      <datafield tag="043" ind1=" " ind2=" ">
         <subfield code="a">a-cc---</subfield>
      </datafield>
      <datafield tag="050" ind1="0" ind2="0">
         <subfield code="a">DS715</subfield>
         <subfield code="b">.W47</subfield>
      </datafield>
      <datafield tag="066" ind1=" " ind2=" ">
         <subfield code="c">$1</subfield>
      </datafield>
      <datafield tag="245" ind1="0" ind2="0">
         <subfield code="6">880-01</subfield>
         <subfield code="a">Wen wu zi liao cong kan /</subfield>
         <subfield code="c">Wen wu bian ji wei yuan hui bian.</subfield>
      </datafield>
      <datafield tag="260" ind1=" " ind2=" ">
         <subfield code="6">880-02</subfield>
         <subfield code="a">Beijing :</subfield>
         <subfield code="b">Wen wu chu ban she,</subfield>
         <subfield code="c">1977-</subfield>
      </datafield>
      <datafield tag="300" ind1=" " ind2=" ">
         <subfield code="a">v. :</subfield>
         <subfield code="b">ill. ;</subfield>
         <subfield code="c">27 cm.</subfield>
      </datafield>
      <datafield tag="310" ind1=" " ind2=" ">
         <subfield code="a">Annual</subfield>
      </datafield>
      <datafield tag="362" ind1="0" ind2=" ">
         <subfield code="a">Di 1 ban (1977)-</subfield>
      </datafield>
      <datafield tag="530" ind1=" " ind2=" ">
         <subfield code="a">Also issued online.</subfield>
      </datafield>
      <datafield tag="651" ind1=" " ind2="0">
         <subfield code="a">China</subfield>
         <subfield code="x">Antiquities</subfield>
         <subfield code="v">Periodicals.</subfield>
      </datafield>
      <datafield tag="650" ind1=" " ind2="7">
         <subfield code="a">Antiquities.</subfield>
         <subfield code="2">fast</subfield>
         <subfield code="0">(OCoLC)fst00810745</subfield>
      </datafield>
      <datafield tag="651" ind1=" " ind2="7">
         <subfield code="a">China.</subfield>
         <subfield code="2">fast</subfield>
         <subfield code="0">(OCoLC)fst01206073</subfield>
      </datafield>
      <datafield tag="655" ind1=" " ind2="7">
         <subfield code="a">Periodicals.</subfield>
         <subfield code="2">fast</subfield>
         <subfield code="0">(OCoLC)fst01411641</subfield>
      </datafield>
      <datafield tag="710" ind1="2" ind2=" ">
         <subfield code="a">Wen wu bian ji wei yuan hui</subfield>
         <subfield code="6">880-03</subfield>
      </datafield>
      <datafield tag="776" ind1="0" ind2="8">
         <subfield code="i">Online version:</subfield>
         <subfield code="t">Wen wu zi liao cong kan</subfield>
         <subfield code="w">(OCoLC)551696097</subfield>
      </datafield>
      <datafield tag="880" ind1="0" ind2="0">
         <subfield code="6">245-01/</subfield>
         <subfield code="a">文物資料丛刋 /</subfield>
         <subfield code="c">文物編輯委員會編.</subfield>
      </datafield>
      <datafield tag="880" ind1=" " ind2=" ">
         <subfield code="6">260-02/</subfield>
         <subfield code="a">北京 :</subfield>
         <subfield code="b">文物出版社,</subfield>
         <subfield code="c">1977-</subfield>
      </datafield>
      <datafield tag="880" ind1="2" ind2=" ">
         <subfield code="6">710-03/</subfield>
         <subfield code="a">文物編輯委員會.</subfield>
      </datafield>
      <datafield tag="850" ind1=" " ind2=" ">
         <subfield code="a">AzTeS</subfield>
         <subfield code="a">CaOTU</subfield>
         <subfield code="a">DLC</subfield>
         <subfield code="a">InU</subfield>
         <subfield code="a">PPiU</subfield>
      </datafield>
      <datafield tag="994" ind1=" " ind2=" ">
         <subfield code="a">Z0</subfield>
         <subfield code="b">ZYU</subfield>
      </datafield>
      <datafield tag="OWN" ind1=" " ind2=" ">
         <subfield code="a">GENERAL</subfield>
      </datafield>
      <datafield tag="012" ind1=" " ind2=" ">
         <subfield code="a">3</subfield>
         <subfield code="i">8511</subfield>
      </datafield>
      <datafield tag="AVA" ind1=" " ind2=" ">
         <subfield code="a">NYU50</subfield>
         <subfield code="b">NISAW</subfield>
         <subfield code="c">Library 6</subfield>
         <subfield code="d">DS715 .W47</subfield>
         <subfield code="e">available</subfield>
         <subfield code="t">Available</subfield>
         <subfield code="f">4</subfield>
         <subfield code="g">0</subfield>
         <subfield code="h">Y</subfield>
         <subfield code="i">0</subfield>
         <subfield code="j">LIB6</subfield>
         <subfield code="k">0</subfield>
      </datafield>
      <marc:datafield tag="852" ind1=" " ind2=" ">
         <marc:subfield code="b">Institute for the Study of the Ancient World, </marc:subfield>
         <marc:subfield code="c">Library 6</marc:subfield>
         <marc:subfield code="e">15 East 84th St., </marc:subfield>
         <marc:subfield code="e">New York, NY  10028</marc:subfield>
      </marc:datafield>
   </record>