
  
  
  
  
  
  
 
  
  <record xsi:schemaLocation="http://www.loc.gov/MARC21/slim http://www.loc.gov/standards/marcxml/schema/MARC21slim.xsd">
      <leader>00000cam a22      a 4500</leader>
      <controlfield tag="FMT">BK</controlfield>
      <controlfield tag="LDR">00000cam a22      a 4500</controlfield>
      <controlfield tag="001">004054389</controlfield>
      <controlfield tag="005">20141030131707.0</controlfield>
      <controlfield tag="008">141030s1984    ir       b    001 0 perrd</controlfield>
      <datafield tag="010" ind1=" " ind2=" ">
         <subfield code="a">   86930886</subfield>
      </datafield>
      <datafield tag="035" ind1=" " ind2=" ">
         <subfield code="a">(OCoLC)21744560</subfield>
         <subfield code="z">(OCoLC)38281654</subfield>
         <subfield code="z">(OCoLC)49017376</subfield>
      </datafield>
      <datafield tag="040" ind1=" " ind2=" ">
         <subfield code="a">CLU</subfield>
         <subfield code="b">eng</subfield>
         <subfield code="c">CLU</subfield>
         <subfield code="d">DLC</subfield>
         <subfield code="d">OCLCQ</subfield>
         <subfield code="d">OCLCG</subfield>
         <subfield code="d">OCLCF</subfield>
         <subfield code="d">OCLCQ</subfield>
      </datafield>
      <datafield tag="041" ind1="1" ind2=" ">
         <subfield code="a">per</subfield>
         <subfield code="h">ara</subfield>
      </datafield>
      <datafield tag="043" ind1=" " ind2=" ">
         <subfield code="a">a-uz---</subfield>
      </datafield>
      <datafield tag="050" ind1=" " ind2="4">
         <subfield code="a">DK949.5.B85</subfield>
         <subfield code="b">N3719 1984</subfield>
      </datafield>
      <datafield tag="100" ind1="1" ind2=" ">
         <subfield code="6">880-01</subfield>
         <subfield code="a">Narshakhī, Abū Bakr Muḥammad ibn Jaʻfar,</subfield>
         <subfield code="d">899-959.</subfield>
      </datafield>
      <datafield tag="240" ind1="1" ind2="0">
         <subfield code="6">880-02</subfield>
         <subfield code="a">Taʼrīkh Bukhārā.</subfield>
         <subfield code="l">Persian</subfield>
      </datafield>
      <datafield tag="245" ind1="1" ind2="0">
         <subfield code="6">880-03</subfield>
         <subfield code="a">Tārīkh-i Bukhārā /</subfield>
         <subfield code="c">taʼlīf-i Abū Bakr Muḥammad ibn Jaʻfar al-Narshakhī 286-348 ; tarjamah-ʼi Abū Naṣr Aḥmad ibn Muḥammad ibn Naṣr al-Qubāvī ; talkhīṣ-i Muḥammad ibn Zafar ibn ʻUmar ; taṣʹḥīḥ va taḥshīyah-i Mudarris Raz̤avī.</subfield>
      </datafield>
      <datafield tag="250" ind1=" " ind2=" ">
         <subfield code="6">880-04</subfield>
         <subfield code="a">Chāp-i 2.</subfield>
      </datafield>
      <datafield tag="260" ind1=" " ind2=" ">
         <subfield code="6">880-05</subfield>
         <subfield code="a">Tihrān :</subfield>
         <subfield code="b">Intishārāt-i Tūs,</subfield>
         <subfield code="c">1363 [1984]</subfield>
      </datafield>
      <datafield tag="300" ind1=" " ind2=" ">
         <subfield code="a">31, 443 pages ;</subfield>
         <subfield code="c">25 cm.</subfield>
      </datafield>
      <datafield tag="336" ind1=" " ind2=" ">
         <subfield code="a">text</subfield>
         <subfield code="b">txt</subfield>
         <subfield code="2">rdacontent</subfield>
      </datafield>
      <datafield tag="337" ind1=" " ind2=" ">
         <subfield code="a">unmediated</subfield>
         <subfield code="b">n</subfield>
         <subfield code="2">rdamedia</subfield>
      </datafield>
      <datafield tag="338" ind1=" " ind2=" ">
         <subfield code="a">volume</subfield>
         <subfield code="b">nc</subfield>
         <subfield code="2">rdacarrier</subfield>
      </datafield>
      <datafield tag="490" ind1="0" ind2=" ">
         <subfield code="a">Intishārāt-i Tūs ;</subfield>
         <subfield code="v">270</subfield>
      </datafield>
      <datafield tag="500" ind1=" " ind2=" ">
         <subfield code="a">Romanized record.</subfield>
      </datafield>
      <datafield tag="504" ind1=" " ind2=" ">
         <subfield code="a">Includes bibliographical references and indexes.</subfield>
      </datafield>
      <datafield tag="520" ind1=" " ind2=" ">
         <subfield code="a">Early history of Bokhara.</subfield>
      </datafield>
      <datafield tag="546" ind1=" " ind2=" ">
         <subfield code="a">In Persian.</subfield>
      </datafield>
      <datafield tag="651" ind1=" " ind2="0">
         <subfield code="a">Bukhoro (Uzbekistan)</subfield>
         <subfield code="x">History.</subfield>
      </datafield>
      <datafield tag="651" ind1=" " ind2="7">
         <subfield code="a">Uzbekistan</subfield>
         <subfield code="z">Bukhoro.</subfield>
         <subfield code="2">fast</subfield>
         <subfield code="0">(OCoLC)fst01221549</subfield>
      </datafield>
      <datafield tag="655" ind1=" " ind2="7">
         <subfield code="a">History.</subfield>
         <subfield code="2">fast</subfield>
         <subfield code="0">(OCoLC)fst01411628</subfield>
      </datafield>
      <datafield tag="700" ind1="1" ind2=" ">
         <subfield code="6">880-06</subfield>
         <subfield code="a">Qubavī, Abū Naṣr Aḥmad ibn Muḥammad ibn Naṣr.</subfield>
      </datafield>
      <datafield tag="700" ind1="0" ind2=" ">
         <subfield code="6">880-07</subfield>
         <subfield code="a">Muḥammad ibn Zafar ibn ʻUmar.</subfield>
      </datafield>
      <datafield tag="700" ind1="0" ind2=" ">
         <subfield code="a">Mudarris Raz̤avī</subfield>
         <subfield code="6">880-08</subfield>
      </datafield>
      <datafield tag="880" ind1="0" ind2=" ">
         <subfield code="6">100-01/</subfield>
         <subfield code="a">‏ابو بكر محمد بن جعفر النرشخى,</subfield>
         <subfield code="d">‏٢٨٦-٣٤٨.</subfield>
      </datafield>
      <datafield tag="880" ind1="1" ind2="0">
         <subfield code="6">240-02/</subfield>
         <subfield code="a">‏تاريخ بخارا‏.</subfield>
         <subfield code="l">‏فارسى</subfield>
      </datafield>
      <datafield tag="880" ind1="1" ind2="0">
         <subfield code="6">245-03/</subfield>
         <subfield code="a">‏تاريخ بخارا /‏</subfield>
         <subfield code="c">‏تأليف ابو بكر محمد بن جعفر النرشخى ؛ ترجمۀ ابو نصر احمد بن محمد بن نصر القباوآ ك تلخيص محمد بن زفر بن عمر ؛ تصحيح وتحشيه مدرس رضوى.</subfield>
      </datafield>
      <datafield tag="880" ind1=" " ind2=" ">
         <subfield code="6">250-04/</subfield>
         <subfield code="a">‏چاپ ٢.</subfield>
      </datafield>
      <datafield tag="880" ind1=" " ind2=" ">
         <subfield code="6">260-05/</subfield>
         <subfield code="a">‏تهران :‏</subfield>
         <subfield code="b">‏توس،‏</subfield>
         <subfield code="c">‏١٣٦٣.</subfield>
      </datafield>
      <datafield tag="880" ind1="1" ind2=" ">
         <subfield code="6">700-06/</subfield>
         <subfield code="a">قبوى، ابو نصر احمد بن محمد بن نصر.</subfield>
      </datafield>
      <datafield tag="880" ind1="0" ind2=" ">
         <subfield code="6">700-07/</subfield>
         <subfield code="a">محمد بن زفر بن عمر.</subfield>
      </datafield>
      <datafield tag="880" ind1="0" ind2=" ">
         <subfield code="6">700-08/</subfield>
         <subfield code="a">مدرس رزوآ.</subfield>
      </datafield>
      <datafield tag="OWN" ind1=" " ind2=" ">
         <subfield code="a">GENERAL</subfield>
      </datafield>
      <datafield tag="AVA" ind1=" " ind2=" ">
         <subfield code="a">NYU50</subfield>
         <subfield code="b">NISAW</subfield>
         <subfield code="c">Small Collection</subfield>
         <subfield code="d">DK949.5.B85 N3719 1984</subfield>
         <subfield code="e">available</subfield>
         <subfield code="t">Available</subfield>
         <subfield code="f">1</subfield>
         <subfield code="g">0</subfield>
         <subfield code="h">N</subfield>
         <subfield code="i">0</subfield>
         <subfield code="j">SMALL</subfield>
         <subfield code="k">0</subfield>
      </datafield>
      <marc:datafield tag="852" ind1=" " ind2=" ">
         <marc:subfield code="b">Institute for the Study of the Ancient World, </marc:subfield>
         <marc:subfield code="c">Small Collection</marc:subfield>
         <marc:subfield code="e">15 East 84th St., </marc:subfield>
         <marc:subfield code="e">New York, NY  10028</marc:subfield>
      </marc:datafield>
   </record>