
  
  
  
  
 
  
  <record xsi:schemaLocation="http://www.loc.gov/MARC21/slim http://www.loc.gov/standards/marcxml/schema/MARC21slim.xsd">
      <leader>00000cam  2200289 i 4500</leader>
      <controlfield tag="FMT">BK</controlfield>
      <controlfield tag="LDR">00000cam  2200289 i 4500</controlfield>
      <controlfield tag="001">004054456</controlfield>
      <controlfield tag="003">OCoLC</controlfield>
      <controlfield tag="005">20141030162624.0</controlfield>
      <controlfield tag="008">141030s2014    gw a     b    111 0 ger d</controlfield>
      <datafield tag="020" ind1=" " ind2=" ">
         <subfield code="a">9783868350777 (cl.)</subfield>
      </datafield>
      <datafield tag="020" ind1=" " ind2=" ">
         <subfield code="a">3868350772 (cl.)</subfield>
      </datafield>
      <datafield tag="035" ind1=" " ind2=" ">
         <subfield code="a">(OCoLC)891034761</subfield>
      </datafield>
      <datafield tag="040" ind1=" " ind2=" ">
         <subfield code="a">OHX</subfield>
         <subfield code="b">eng</subfield>
         <subfield code="e">rda</subfield>
         <subfield code="c">OHX</subfield>
         <subfield code="d">OCLCO</subfield>
         <subfield code="d">NNU</subfield>
      </datafield>
      <datafield tag="041" ind1="0" ind2=" ">
         <subfield code="a">ger</subfield>
         <subfield code="a">eng</subfield>
      </datafield>
      <datafield tag="043" ind1=" " ind2=" ">
         <subfield code="a">a-iq---</subfield>
      </datafield>
      <datafield tag="050" ind1=" " ind2="4">
         <subfield code="a">DS73.9</subfield>
         <subfield code="b">.B33 2014</subfield>
      </datafield>
      <datafield tag="072" ind1=" " ind2="7">
         <subfield code="a">DS</subfield>
         <subfield code="2">lcco</subfield>
      </datafield>
      <datafield tag="245" ind1="0" ind2="0">
         <subfield code="a">Babylonien und seine Nachbarn in neu- und spätbabylonischer Zeit :</subfield>
         <subfield code="b">wissenschaftliches Kolloquium aus Anlass des 75. Geburtstags von Joachim Oelsner, Jena, 2. und 3. März 2007 /</subfield>
         <subfield code="c">herausgegeben von Manfred Krebernik und Hans Neumann ; unter Mitarbeit von Georg Neumann.</subfield>
      </datafield>
      <datafield tag="260" ind1=" " ind2=" ">
         <subfield code="a">Münster :</subfield>
         <subfield code="b">Ugarit-Verlag,</subfield>
         <subfield code="c">2014.</subfield>
      </datafield>
      <datafield tag="300" ind1=" " ind2=" ">
         <subfield code="a">vi, 338 pages :</subfield>
         <subfield code="b">illustrations ;</subfield>
         <subfield code="c">25 cm.</subfield>
      </datafield>
      <datafield tag="336" ind1=" " ind2=" ">
         <subfield code="a">text</subfield>
         <subfield code="b">txt</subfield>
         <subfield code="2">rdacontent</subfield>
      </datafield>
      <datafield tag="337" ind1=" " ind2=" ">
         <subfield code="a">unmediated</subfield>
         <subfield code="b">n</subfield>
         <subfield code="2">rdamedia</subfield>
      </datafield>
      <datafield tag="338" ind1=" " ind2=" ">
         <subfield code="a">volume</subfield>
         <subfield code="b">nc</subfield>
         <subfield code="2">rdacarrier</subfield>
      </datafield>
      <datafield tag="490" ind1="1" ind2=" ">
         <subfield code="a">Alter Orient und Altes Testament ;</subfield>
         <subfield code="v">Bd. 369</subfield>
      </datafield>
      <datafield tag="500" ind1=" " ind2=" ">
         <subfield code="a">International conference proceedings.</subfield>
      </datafield>
      <datafield tag="500" ind1=" " ind2=" ">
         <subfield code="a">"This volume is the product of a colloquium in honour of the 75th birthday of Joachim Oelsner"--publisher's website.</subfield>
      </datafield>
      <datafield tag="500" ind1=" " ind2=" ">
         <subfield code="a">Includes bibliography of Joachim Oelsner.</subfield>
      </datafield>
      <datafield tag="504" ind1=" " ind2=" ">
         <subfield code="a">Includes bibliographical references.</subfield>
      </datafield>
      <datafield tag="500" ind1=" " ind2=" ">
         <subfield code="a">Includes index.</subfield>
      </datafield>
      <datafield tag="500" ind1=" " ind2=" ">
         <subfield code="a">1 English, 11 German contributions.</subfield>
      </datafield>
      <datafield tag="505" ind1="0" ind2="0">
         <subfield code="t">Esra 7 und das Problem der Persischen Reichsautorisation im Spiegel der neueren Forschung /</subfield>
         <subfield code="r">Becker, Uwe --</subfield>
         <subfield code="t">A Babylonia tablet from the time of Alexander IV /</subfield>
         <subfield code="r">Everling, Janos --</subfield>
         <subfield code="t">Die unglaubliche Geburt des neubabylonischen Reiches oder : Die Vernichtung einer Weltmacht durch den Sohn eines Niemand /</subfield>
         <subfield code="r">Fuchs, Andreas --</subfield>
         <subfield code="t">Gewalt in neubabylonischen Texten /</subfield>
         <subfield code="r">Jursa, Michael --</subfield>
         <subfield code="t">Lukian und Babylon /</subfield>
         <subfield code="r">Kessler, Karlheinz --</subfield>
         <subfield code="t">Die Bevölkerung der Region Nippur in neu- und spätbabylonischer Zeit /</subfield>
         <subfield code="r">Lämmerhirt, Kai --</subfield>
         <subfield code="t">Wahrnehmung und Präsentation der neu- und spätbabylonischen Zeit in der Öffentlichkeit /</subfield>
         <subfield code="r">Marzahn, Joachim --</subfield>
         <subfield code="t">Von Kyros bis Xerxes : Babylon in persischer Zeit und die Frage der Bewertung des herodoteischen Geschichtswerkes - eine Nachlese /</subfield>
         <subfield code="r">Rollinger, Robert --</subfield>
         <subfield code="t">Urartäische Einflüsse im achaimenidischen Iran, vor allem in den Königsinschriften /</subfield>
         <subfield code="r">Schmitt, Rüdiger --</subfield>
         <subfield code="t">Ein aramäischer Kudurru aus Taymā'? /</subfield>
         <subfield code="r">Stein, Peter --</subfield>
         <subfield code="t">Die Kasusflexion im Status rectus des Neu- und Spätbabylonischen /</subfield>
         <subfield code="r">Streck, Michael P. --</subfield>
         <subfield code="t">Babylonische Familiennamen /</subfield>
         <subfield code="r">Wunsch, Cornelia.</subfield>
      </datafield>
      <datafield tag="600" ind1="1" ind2="0">
         <subfield code="a">Oelsner, Joachim.</subfield>
      </datafield>
      <datafield tag="651" ind1=" " ind2="0">
         <subfield code="a">Babylonia</subfield>
         <subfield code="x">History</subfield>
         <subfield code="v">Congresses.</subfield>
      </datafield>
      <datafield tag="651" ind1=" " ind2="0">
         <subfield code="a">Babylonia.</subfield>
      </datafield>
      <datafield tag="700" ind1="1" ind2=" ">
         <subfield code="a">Krebernik, Manfred</subfield>
         <subfield code="e">editor.</subfield>
      </datafield>
      <datafield tag="700" ind1="1" ind2=" ">
         <subfield code="a">Neumann, Hans</subfield>
         <subfield code="c">(Assyriologist)</subfield>
         <subfield code="e">editor.</subfield>
      </datafield>
      <datafield tag="700" ind1="1" ind2=" ">
         <subfield code="a">Oelsner, Joachim</subfield>
         <subfield code="e">honoree.</subfield>
      </datafield>
      <datafield tag="700" ind1="1" ind2=" ">
         <subfield code="a">Neumann, Georg</subfield>
         <subfield code="e">contributor.</subfield>
      </datafield>
      <datafield tag="830" ind1=" " ind2="0">
         <subfield code="a">Alter Orient und Altes Testament ;</subfield>
         <subfield code="v">Bd. 369.</subfield>
      </datafield>
      <datafield tag="994" ind1=" " ind2=" ">
         <subfield code="a">Z0</subfield>
         <subfield code="b">ZYU</subfield>
      </datafield>
      <datafield tag="OWN" ind1=" " ind2=" ">
         <subfield code="a">GENERAL</subfield>
      </datafield>
      <datafield tag="AVA" ind1=" " ind2=" ">
         <subfield code="a">NYU50</subfield>
         <subfield code="b">NISAW</subfield>
         <subfield code="c">Small Collection</subfield>
         <subfield code="d">DS73.9 .B33 2014</subfield>
         <subfield code="e">available</subfield>
         <subfield code="t">Available</subfield>
         <subfield code="f">1</subfield>
         <subfield code="g">0</subfield>
         <subfield code="h">N</subfield>
         <subfield code="i">0</subfield>
         <subfield code="j">SMALL</subfield>
         <subfield code="k">0</subfield>
      </datafield>
      <marc:datafield tag="852" ind1=" " ind2=" ">
         <marc:subfield code="b">Institute for the Study of the Ancient World, </marc:subfield>
         <marc:subfield code="c">Small Collection</marc:subfield>
         <marc:subfield code="e">15 East 84th St., </marc:subfield>
         <marc:subfield code="e">New York, NY  10028</marc:subfield>
      </marc:datafield>
   </record>