
  
  
  
  
  
  
 
  
  <record xsi:schemaLocation="http://www.loc.gov/MARC21/slim http://www.loc.gov/standards/marcxml/schema/MARC21slim.xsd">
      <leader>00000cam a22      a 4500</leader>
      <controlfield tag="FMT">BK</controlfield>
      <controlfield tag="LDR">00000cam a22      a 4500</controlfield>
      <controlfield tag="001">003508841</controlfield>
      <controlfield tag="005">20141031163917.0</controlfield>
      <controlfield tag="008">880829m19859999ir ah    b    010 0 per</controlfield>
      <datafield tag="010" ind1=" " ind2=" ">
         <subfield code="a">   87931585</subfield>
      </datafield>
      <datafield tag="016" ind1="7" ind2=" ">
         <subfield code="a">011854821</subfield>
         <subfield code="2">Uk</subfield>
      </datafield>
      <datafield tag="020" ind1=" " ind2=" ">
         <subfield code="a">9646053815 (v. 10)</subfield>
      </datafield>
      <datafield tag="020" ind1=" " ind2=" ">
         <subfield code="a">9789646053816 (v. 10)</subfield>
      </datafield>
      <datafield tag="020" ind1=" " ind2=" ">
         <subfield code="a">9646053858 (v. 11)</subfield>
      </datafield>
      <datafield tag="020" ind1=" " ind2=" ">
         <subfield code="a">9789646053854 (v. 11)</subfield>
      </datafield>
      <datafield tag="020" ind1=" " ind2=" ">
         <subfield code="a">9646053874 (v. 12)</subfield>
      </datafield>
      <datafield tag="020" ind1=" " ind2=" ">
         <subfield code="a">9789646053878 (v. 12)</subfield>
      </datafield>
      <datafield tag="020" ind1=" " ind2=" ">
         <subfield code="a">9646053955 (v. 13)</subfield>
      </datafield>
      <datafield tag="020" ind1=" " ind2=" ">
         <subfield code="a">9789646053953 (v. 13)</subfield>
      </datafield>
      <datafield tag="020" ind1=" " ind2=" ">
         <subfield code="a">9646053998 (v. 14)</subfield>
      </datafield>
      <datafield tag="020" ind1=" " ind2=" ">
         <subfield code="a">9789646053991 (v. 14)</subfield>
      </datafield>
      <datafield tag="020" ind1=" " ind2=" ">
         <subfield code="a">964605319X (v. 15)</subfield>
      </datafield>
      <datafield tag="020" ind1=" " ind2=" ">
         <subfield code="a">9789646053199 (v. 15)</subfield>
      </datafield>
      <datafield tag="020" ind1=" " ind2=" ">
         <subfield code="a">9646053602 (v. 16)</subfield>
      </datafield>
      <datafield tag="020" ind1=" " ind2=" ">
         <subfield code="a">9789646053601 (v. 16)</subfield>
      </datafield>
      <datafield tag="020" ind1=" " ind2=" ">
         <subfield code="a">9646053203 (v. 16)</subfield>
      </datafield>
      <datafield tag="020" ind1=" " ind2=" ">
         <subfield code="a">9789646053205 (v. 16)</subfield>
      </datafield>
      <datafield tag="020" ind1=" " ind2=" ">
         <subfield code="a">9646053440 (v. 17)</subfield>
      </datafield>
      <datafield tag="020" ind1=" " ind2=" ">
         <subfield code="a">9789646053441 (v. 17)</subfield>
      </datafield>
      <datafield tag="020" ind1=" " ind2=" ">
         <subfield code="a">9789646053458 (v. 18)</subfield>
      </datafield>
      <datafield tag="020" ind1=" " ind2=" ">
         <subfield code="a">9646053459 (v. 18)</subfield>
      </datafield>
      <datafield tag="020" ind1=" " ind2=" ">
         <subfield code="a">9789646053069 (v. 19)</subfield>
      </datafield>
      <datafield tag="020" ind1=" " ind2=" ">
         <subfield code="a">9646053068 (v. 19)</subfield>
      </datafield>
      <datafield tag="020" ind1=" " ind2=" ">
         <subfield code="a">9786005942026 (v. 20)</subfield>
      </datafield>
      <datafield tag="020" ind1=" " ind2=" ">
         <subfield code="a">6005942026 (v. 20)</subfield>
      </datafield>
      <datafield tag="020" ind1=" " ind2=" ">
         <subfield code="a">9786005942279 (v. 21)</subfield>
      </datafield>
      <datafield tag="020" ind1=" " ind2=" ">
         <subfield code="a">6005942271 (v. 21)</subfield>
      </datafield>
      <datafield tag="035" ind1=" " ind2=" ">
         <subfield code="a">(OCoLC)23254009</subfield>
         <subfield code="z">(OCoLC)16060007</subfield>
         <subfield code="z">(OCoLC)16625374</subfield>
         <subfield code="z">(OCoLC)20656442</subfield>
         <subfield code="z">(OCoLC)23558868</subfield>
      </datafield>
      <datafield tag="040" ind1=" " ind2=" ">
         <subfield code="a">DLC</subfield>
         <subfield code="b">eng</subfield>
         <subfield code="c">DLC</subfield>
         <subfield code="d">EYM</subfield>
         <subfield code="d">YUS</subfield>
         <subfield code="d">UKMGB</subfield>
         <subfield code="d">CGU</subfield>
         <subfield code="d">OCLCF</subfield>
         <subfield code="d">OCLCO</subfield>
         <subfield code="d">OCLCQ</subfield>
         <subfield code="d">NNU</subfield>
      </datafield>
      <datafield tag="043" ind1=" " ind2=" ">
         <subfield code="a">a-ir---</subfield>
      </datafield>
      <datafield tag="050" ind1="0" ind2="0">
         <subfield code="a">PK6402</subfield>
         <subfield code="b">.N35 1985</subfield>
      </datafield>
      <datafield tag="245" ind1="0" ind2="0">
         <subfield code="6">880-01</subfield>
         <subfield code="a">Nāmvārah-ʼi Duktur Maḥmūd Afshār /</subfield>
         <subfield code="c">bih kūshish-i Īraj Afshār ; bā hamkārī-i Karīm Iṣfahāniyān.</subfield>
      </datafield>
      <datafield tag="246" ind1="1" ind2=" ">
         <subfield code="i">Vol. 12-19 have added title:</subfield>
         <subfield code="a">Studia Persica :</subfield>
         <subfield code="b">a collection of articles on Iranian studies in memory of Dr. Mahmūd Afshar</subfield>
      </datafield>
      <datafield tag="246" ind1="1" ind2=" ">
         <subfield code="6">880-02</subfield>
         <subfield code="i">Vols. 11-21 have title:</subfield>
         <subfield code="a">Pizhūhishhā-yi Īrānshināsī :</subfield>
         <subfield code="b">nāmvārah-ʼi Duktur Maḥmūd Afshār</subfield>
      </datafield>
      <datafield tag="250" ind1=" " ind2=" ">
         <subfield code="6">880-03</subfield>
         <subfield code="a">Chāp-i 1.</subfield>
      </datafield>
      <datafield tag="260" ind1=" " ind2=" ">
         <subfield code="6">880-04</subfield>
         <subfield code="a">Tihrān :</subfield>
         <subfield code="b">Bunyād-i Mawqūfāt-i Duktur Maḥmūd Afshār,</subfield>
         <subfield code="c">1364-&lt;1392&gt; [1985-&lt;2013&gt;]</subfield>
      </datafield>
      <datafield tag="300" ind1=" " ind2=" ">
         <subfield code="a">volumes &lt;1-20&gt; :</subfield>
         <subfield code="b">illustrations, facsimiles ;</subfield>
         <subfield code="c">25 cm.</subfield>
      </datafield>
      <datafield tag="336" ind1=" " ind2=" ">
         <subfield code="a">text</subfield>
         <subfield code="b">txt</subfield>
         <subfield code="2">rdacontent</subfield>
      </datafield>
      <datafield tag="337" ind1=" " ind2=" ">
         <subfield code="a">unmediated</subfield>
         <subfield code="b">n</subfield>
         <subfield code="2">rdamedia</subfield>
      </datafield>
      <datafield tag="338" ind1=" " ind2=" ">
         <subfield code="a">volume</subfield>
         <subfield code="b">nc</subfield>
         <subfield code="2">rdacarrier</subfield>
      </datafield>
      <datafield tag="490" ind1="1" ind2=" ">
         <subfield code="6">880-05</subfield>
         <subfield code="a">Majmūʻah-ʼi intishārāt-i adabī va tārīkhī, mawqūfāt-i Duktur Maḥmūd Afshār Yazdī ;</subfield>
         <subfield code="v">shumārah-ʼi 18-&lt;21, 23, 37, 47, 55, 58, 67, 71, 74, 78, 89, 98-99, 120-121, 137, 145&gt;</subfield>
      </datafield>
      <datafield tag="500" ind1=" " ind2=" ">
         <subfield code="a">In Persian.</subfield>
      </datafield>
      <datafield tag="500" ind1=" " ind2=" ">
         <subfield code="a">"Ganjīnah-ʼi kullīyāt va maqālāt, 39"--Vol. 18, prel. p. 5.</subfield>
      </datafield>
      <datafield tag="504" ind1=" " ind2=" ">
         <subfield code="a">Includes bibliographical references.</subfield>
      </datafield>
      <datafield tag="546" ind1=" " ind2=" ">
         <subfield code="a">In Persian.</subfield>
      </datafield>
      <datafield tag="650" ind1=" " ind2="0">
         <subfield code="a">Persian literature</subfield>
         <subfield code="x">History and criticism.</subfield>
      </datafield>
      <datafield tag="650" ind1=" " ind2="0">
         <subfield code="a">Persian language.</subfield>
      </datafield>
      <datafield tag="651" ind1=" " ind2="0">
         <subfield code="a">Iran</subfield>
         <subfield code="x">History.</subfield>
      </datafield>
      <datafield tag="600" ind1="1" ind2="0">
         <subfield code="6">880-06</subfield>
         <subfield code="a">Yazdī, Maḥmūd Afshār.</subfield>
      </datafield>
      <datafield tag="600" ind1="1" ind2="7">
         <subfield code="a">Yazdī, Maḥmūd Afshār.</subfield>
         <subfield code="2">fast</subfield>
         <subfield code="0">(OCoLC)fst00051929</subfield>
      </datafield>
      <datafield tag="650" ind1=" " ind2="7">
         <subfield code="a">Persian language.</subfield>
         <subfield code="2">fast</subfield>
         <subfield code="0">(OCoLC)fst01058466</subfield>
      </datafield>
      <datafield tag="650" ind1=" " ind2="7">
         <subfield code="a">Persian literature.</subfield>
         <subfield code="2">fast</subfield>
         <subfield code="0">(OCoLC)fst01058528</subfield>
      </datafield>
      <datafield tag="651" ind1=" " ind2="7">
         <subfield code="a">Iran.</subfield>
         <subfield code="2">fast</subfield>
         <subfield code="0">(OCoLC)fst01204889</subfield>
      </datafield>
      <datafield tag="655" ind1=" " ind2="7">
         <subfield code="a">Criticism, interpretation, etc.</subfield>
         <subfield code="2">fast</subfield>
         <subfield code="0">(OCoLC)fst01411635</subfield>
      </datafield>
      <datafield tag="655" ind1=" " ind2="7">
         <subfield code="a">History.</subfield>
         <subfield code="2">fast</subfield>
         <subfield code="0">(OCoLC)fst01411628</subfield>
      </datafield>
      <datafield tag="700" ind1="1" ind2=" ">
         <subfield code="6">880-07</subfield>
         <subfield code="a">Afshār, Īraj.</subfield>
      </datafield>
      <datafield tag="700" ind1="1" ind2=" ">
         <subfield code="6">880-08</subfield>
         <subfield code="a">Iṣfahāniyān, Karīm.</subfield>
      </datafield>
      <datafield tag="776" ind1="0" ind2="8">
         <subfield code="i">Online version:</subfield>
         <subfield code="t">Nāmvārah-ʼi Duktur Maḥmūd Afshār.</subfield>
         <subfield code="b">Chāp-i 1.</subfield>
         <subfield code="d">Tihrān : Mawqūfāt-i Duktur Maḥmūd Afshār Yazdī, 1364- [1985-]</subfield>
         <subfield code="w">(OCoLC)573259226</subfield>
      </datafield>
      <datafield tag="710" ind1="2" ind2=" ">
         <subfield code="6">880-09</subfield>
         <subfield code="a">بنىاد موقوفات دکتر محمود افشار.</subfield>
      </datafield>
      <datafield tag="880" ind1="0" ind2="0">
         <subfield code="6">245-01/</subfield>
         <subfield code="a">ناموارۀ دکتر محمود افشار /</subfield>
         <subfield code="c">به کوشش ايرج افشار ؛ با همکارى کريم اصفهانيان.</subfield>
      </datafield>
      <datafield tag="880" ind1="1" ind2=" ">
         <subfield code="6">246-02/</subfield>
         <subfield code="i">Vols. 11-21 have title:</subfield>
         <subfield code="a">پژوهشهاى ايرانشناسى :</subfield>
         <subfield code="b">ناموارۀ دکتر محمود افشار</subfield>
      </datafield>
      <datafield tag="880" ind1=" " ind2=" ">
         <subfield code="6">250-03/</subfield>
         <subfield code="a">چاپ 1.</subfield>
      </datafield>
      <datafield tag="880" ind1=" " ind2=" ">
         <subfield code="6">260-04/</subfield>
         <subfield code="a">تهران :</subfield>
         <subfield code="b">بنياد موقوفات دکتر محمود افشار،</subfield>
         <subfield code="c">1364-&lt;1392&gt; [1985-&lt;2013&gt;].</subfield>
      </datafield>
      <datafield tag="880" ind1="1" ind2=" ">
         <subfield code="6">490-05/</subfield>
         <subfield code="a">مجموعۀ انتشارات ادبى و تاريخى، موقوفات دکتر محمود افشار يزدى ؛</subfield>
         <subfield code="v">شمارۀ 18-&lt;21، 23، 37، 47، 55، 58، 67، 71، 74، 78، 89، 98-99، 120-121، 137، 145&gt;</subfield>
      </datafield>
      <datafield tag="880" ind1="1" ind2="4">
         <subfield code="6">600-06/</subfield>
         <subfield code="a">يزدى، محمود افشار.</subfield>
      </datafield>
      <datafield tag="880" ind1="1" ind2=" ">
         <subfield code="6">700-07/</subfield>
         <subfield code="a">افشار، ايرج.</subfield>
      </datafield>
      <datafield tag="880" ind1="1" ind2=" ">
         <subfield code="6">700-08/</subfield>
         <subfield code="a">اصفهانيان، کريم.</subfield>
      </datafield>
      <datafield tag="880" ind1="2" ind2=" ">
         <subfield code="6">710-09/</subfield>
         <subfield code="a">Bunyād-i Mawqūfāt-i Duktur Maḥmūd Afshār.</subfield>
      </datafield>
      <datafield tag="830" ind1=" " ind2="0">
         <subfield code="6">880-10</subfield>
         <subfield code="a">Majmūʻah-ʼi intishārāt-i adabī va tārīkhī, mawqūfāt-i Duktur Maḥmūd Afshār Yazdī ;</subfield>
         <subfield code="v">shumārah-ʼi 18-21</subfield>
      </datafield>
      <datafield tag="880" ind1=" " ind2="0">
         <subfield code="6">830-10/</subfield>
         <subfield code="a">مجموعۀ انتشارات ادبى و تاريخى، موقوفات دکتر محمود افشار يزدى ;</subfield>
         <subfield code="v">shumārah-ʼi 18-21</subfield>
      </datafield>
      <datafield tag="830" ind1=" " ind2="0">
         <subfield code="6">880-11</subfield>
         <subfield code="a">Majmūʻah-ʼi intishārāt-i adabī va tārīkhī, mawqūfāt-i Duktur Maḥmūd Afshār Yazdī ;</subfield>
         <subfield code="v">shumārah-ʼi 23</subfield>
      </datafield>
      <datafield tag="880" ind1=" " ind2="0">
         <subfield code="6">830-11/</subfield>
         <subfield code="a">مجموعۀ انتشارات ادبى و تاريخى، موقوفات دکتر محمود افشار يزدى ;</subfield>
         <subfield code="v">shumārah-ʼi 23</subfield>
      </datafield>
      <datafield tag="830" ind1=" " ind2="0">
         <subfield code="6">880-12</subfield>
         <subfield code="a">Majmūʻah-ʼi intishārāt-i adabī va tārīkhī, mawqūfāt-i Duktur Maḥmūd Afshār Yazdī ;</subfield>
         <subfield code="v">shumārah-ʼi 37</subfield>
      </datafield>
      <datafield tag="880" ind1=" " ind2="0">
         <subfield code="6">830-12/</subfield>
         <subfield code="a">مجموعۀ انتشارات ادبى و تاريخى، موقوفات دکتر محمود افشار يزدى ;</subfield>
         <subfield code="v">shumārah-ʼi 37</subfield>
      </datafield>
      <datafield tag="830" ind1=" " ind2="0">
         <subfield code="6">880-13</subfield>
         <subfield code="a">Majmūʻah-ʼi intishārāt-i adabī va tārīkhī, mawqūfāt-i Duktur Maḥmūd Afshār Yazdī ;</subfield>
         <subfield code="v">shumārah-ʼi 47</subfield>
      </datafield>
      <datafield tag="880" ind1=" " ind2="0">
         <subfield code="6">830-13/</subfield>
         <subfield code="a">مجموعۀ انتشارات ادبى و تاريخى، موقوفات دکتر محمود افشار يزدى ;</subfield>
         <subfield code="v">shumārah-ʼi 47</subfield>
      </datafield>
      <datafield tag="830" ind1=" " ind2="0">
         <subfield code="6">880-14</subfield>
         <subfield code="a">Majmūʻah-ʼi intishārāt-i adabī va tārīkhī, mawqūfāt-i Duktur Maḥmūd Afshār Yazdī ;</subfield>
         <subfield code="v">shumārah-ʼi 55</subfield>
      </datafield>
      <datafield tag="880" ind1=" " ind2="0">
         <subfield code="6">830-14/</subfield>
         <subfield code="a">مجموعۀ انتشارات ادبى و تاريخى، موقوفات دکتر محمود افشار يزدى ;</subfield>
         <subfield code="v">shumārah-ʼi 55</subfield>
      </datafield>
      <datafield tag="830" ind1=" " ind2="0">
         <subfield code="6">880-15</subfield>
         <subfield code="a">Majmūʻah-ʼi intishārāt-i adabī va tārīkhī, mawqūfāt-i Duktur Maḥmūd Afshār Yazdī ;</subfield>
         <subfield code="v">shumārah-ʼi 58</subfield>
      </datafield>
      <datafield tag="880" ind1=" " ind2="0">
         <subfield code="6">830-15/</subfield>
         <subfield code="a">مجموعۀ انتشارات ادبى و تاريخى، موقوفات دکتر محمود افشار يزدى ;</subfield>
         <subfield code="v">shumārah-ʼi 58</subfield>
      </datafield>
      <datafield tag="830" ind1=" " ind2="0">
         <subfield code="6">880-16</subfield>
         <subfield code="a">Majmūʻah-ʼi intishārāt-i adabī va tārīkhī, mawqūfāt-i Duktur Maḥmūd Afshār Yazdī ;</subfield>
         <subfield code="v">shumārah-ʼi 67</subfield>
      </datafield>
      <datafield tag="880" ind1=" " ind2="0">
         <subfield code="6">830-16/</subfield>
         <subfield code="a">مجموعۀ انتشارات ادبى و تاريخى، موقوفات دکتر محمود افشار يزدى ;</subfield>
         <subfield code="v">shumārah-ʼi 67</subfield>
      </datafield>
      <datafield tag="830" ind1=" " ind2="0">
         <subfield code="6">880-17</subfield>
         <subfield code="a">Majmūʻah-ʼi intishārāt-i adabī va tārīkhī, mawqūfāt-i Duktur Maḥmūd Afshār Yazdī ;</subfield>
         <subfield code="v">shumārah-ʼi 71</subfield>
      </datafield>
      <datafield tag="880" ind1=" " ind2="0">
         <subfield code="6">830-17/</subfield>
         <subfield code="a">مجموعۀ انتشارات ادبى و تاريخى، موقوفات دکتر محمود افشار يزدى ;</subfield>
         <subfield code="v">shumārah-ʼi 71</subfield>
      </datafield>
      <datafield tag="830" ind1=" " ind2="0">
         <subfield code="6">880-18</subfield>
         <subfield code="a">Majmūʻah-ʼi intishārāt-i adabī va tārīkhī, mawqūfāt-i Duktur Maḥmūd Afshār Yazdī ;</subfield>
         <subfield code="v">shumārah-ʼi 74</subfield>
      </datafield>
      <datafield tag="880" ind1=" " ind2="0">
         <subfield code="6">830-18/</subfield>
         <subfield code="a">مجموعۀ انتشارات ادبى و تاريخى، موقوفات دکتر محمود افشار يزدى ;</subfield>
         <subfield code="v">shumārah-ʼi 74</subfield>
      </datafield>
      <datafield tag="830" ind1=" " ind2="0">
         <subfield code="6">880-19</subfield>
         <subfield code="a">Majmūʻah-ʼi intishārāt-i adabī va tārīkhī, mawqūfāt-i Duktur Maḥmūd Afshār Yazdī ;</subfield>
         <subfield code="v">shumārah-ʼi 78</subfield>
      </datafield>
      <datafield tag="880" ind1=" " ind2="0">
         <subfield code="6">830-19/</subfield>
         <subfield code="a">مجموعۀ انتشارات ادبى و تاريخى، موقوفات دکتر محمود افشار يزدى ;</subfield>
         <subfield code="v">shumārah-ʼi 78</subfield>
      </datafield>
      <datafield tag="830" ind1=" " ind2="0">
         <subfield code="6">880-20</subfield>
         <subfield code="a">Majmūʻah-ʼi intishārāt-i adabī va tārīkhī, mawqūfāt-i Duktur Maḥmūd Afshār Yazdī ;</subfield>
         <subfield code="v">shumārah-ʼi 89</subfield>
      </datafield>
      <datafield tag="880" ind1=" " ind2="0">
         <subfield code="6">830-20/</subfield>
         <subfield code="a">مجموعۀ انتشارات ادبى و تاريخى، موقوفات دکتر محمود افشار يزدى ;</subfield>
         <subfield code="v">shumārah-ʼi 89</subfield>
      </datafield>
      <datafield tag="830" ind1=" " ind2="0">
         <subfield code="6">880-21</subfield>
         <subfield code="a">Majmūʻah-ʼi intishārāt-i adabī va tārīkhī, mawqūfāt-i Duktur Maḥmūd Afshār Yazdī ;</subfield>
         <subfield code="v">shumārah-ʼi 98-99</subfield>
      </datafield>
      <datafield tag="880" ind1=" " ind2="0">
         <subfield code="6">830-21/</subfield>
         <subfield code="a">مجموعۀ انتشارات ادبى و تاريخى، موقوفات دکتر محمود افشار يزدى ;</subfield>
         <subfield code="v">shumārah-ʼi 98-99</subfield>
      </datafield>
      <datafield tag="830" ind1=" " ind2="0">
         <subfield code="6">880-22</subfield>
         <subfield code="a">Majmūʻah-ʼi intishārāt-i adabī va tārīkhī, mawqūfāt-i Duktur Maḥmūd Afshār Yazdī ;</subfield>
         <subfield code="v">shumārah-ʼi 120-121</subfield>
      </datafield>
      <datafield tag="880" ind1=" " ind2="0">
         <subfield code="6">830-22/</subfield>
         <subfield code="a">مجموعۀ انتشارات ادبى و تاريخى، موقوفات دکتر محمود افشار يزدى ;</subfield>
         <subfield code="v">shumārah-ʼi 120-121</subfield>
      </datafield>
      <datafield tag="830" ind1=" " ind2="0">
         <subfield code="6">880-23</subfield>
         <subfield code="a">Majmūʻah-ʼi intishārāt-i adabī va tārīkhī, mawqūfāt-i Duktur Maḥmūd Afshār Yazdī ;</subfield>
         <subfield code="v">shumārah-ʼi 137</subfield>
      </datafield>
      <datafield tag="880" ind1=" " ind2="0">
         <subfield code="6">830-23/</subfield>
         <subfield code="a">مجموعۀ انتشارات ادبى و تاريخى، موقوفات دکتر محمود افشار يزدى ;</subfield>
         <subfield code="v">shumārah-ʼi 137</subfield>
      </datafield>
      <datafield tag="830" ind1=" " ind2="0">
         <subfield code="6">880-24</subfield>
         <subfield code="a">Majmūʻah-ʼi intishārāt-i adabī va tārīkhī, mawqūfāt-i Duktur Maḥmūd Afshār Yazdī ;</subfield>
         <subfield code="v">shumārah-ʼi 145</subfield>
      </datafield>
      <datafield tag="880" ind1=" " ind2="0">
         <subfield code="6">830-24/</subfield>
         <subfield code="a">مجموعۀ انتشارات ادبى و تاريخى، موقوفات دکتر محمود افشار يزدى ;</subfield>
         <subfield code="v">shumārah-ʼi 145</subfield>
      </datafield>
      <datafield tag="OWN" ind1=" " ind2=" ">
         <subfield code="a">GENERAL</subfield>
      </datafield>
      <datafield tag="AVA" ind1=" " ind2=" ">
         <subfield code="a">NYU50</subfield>
         <subfield code="b">BOBST</subfield>
         <subfield code="c">Main Collection</subfield>
         <subfield code="d">DS288 .P59 1999</subfield>
         <subfield code="e">available</subfield>
         <subfield code="t">Available</subfield>
         <subfield code="f">19</subfield>
         <subfield code="g">0</subfield>
         <subfield code="h">Y</subfield>
         <subfield code="i">0</subfield>
         <subfield code="j">MAIN</subfield>
         <subfield code="k">0</subfield>
      </datafield>
      <datafield tag="AVA" ind1=" " ind2=" ">
         <subfield code="a">NYU50</subfield>
         <subfield code="b">NISAW</subfield>
         <subfield code="c">Small Collection</subfield>
         <subfield code="d">PK6402 .N35 1985</subfield>
         <subfield code="e">available</subfield>
         <subfield code="t">Available</subfield>
         <subfield code="f">20</subfield>
         <subfield code="g">0</subfield>
         <subfield code="h">Y</subfield>
         <subfield code="i">0</subfield>
         <subfield code="j">SMALL</subfield>
         <subfield code="k">0</subfield>
      </datafield>
      <marc:datafield tag="852" ind1=" " ind2=" ">
         <marc:subfield code="b">Institute for the Study of the Ancient World, </marc:subfield>
         <marc:subfield code="c">Small Collection</marc:subfield>
         <marc:subfield code="e">15 East 84th St., </marc:subfield>
         <marc:subfield code="e">New York, NY  10028</marc:subfield>
      </marc:datafield>
   </record>