
  
  
  
  
  
 
  
  <record xsi:schemaLocation="http://www.loc.gov/MARC21/slim http://www.loc.gov/standards/marcxml/schema/MARC21slim.xsd">
      <leader>00000cam  2200601 a 4500</leader>
      <controlfield tag="FMT">BK</controlfield>
      <controlfield tag="LDR">00000cam  2200601 a 4500</controlfield>
      <controlfield tag="001">004054948</controlfield>
      <controlfield tag="003">OCoLC</controlfield>
      <controlfield tag="005">20141031144223.0</controlfield>
      <controlfield tag="008">141031s2007    fr ab    b    101 0 fre d</controlfield>
      <datafield tag="020" ind1=" " ind2=" ">
         <subfield code="a">9782910023850</subfield>
      </datafield>
      <datafield tag="020" ind1=" " ind2=" ">
         <subfield code="a">2910023850</subfield>
      </datafield>
      <datafield tag="035" ind1=" " ind2=" ">
         <subfield code="a">(OCoLC)181137723</subfield>
      </datafield>
      <datafield tag="040" ind1=" " ind2=" ">
         <subfield code="a">TZT</subfield>
         <subfield code="b">eng</subfield>
         <subfield code="c">TZT</subfield>
         <subfield code="d">AUXAM</subfield>
         <subfield code="d">CUY</subfield>
         <subfield code="d">OCLCQ</subfield>
         <subfield code="d">OCLCF</subfield>
         <subfield code="d">OCLCQ</subfield>
         <subfield code="d">NNU</subfield>
      </datafield>
      <datafield tag="043" ind1=" " ind2=" ">
         <subfield code="a">e-sp---</subfield>
         <subfield code="a">e-po---</subfield>
      </datafield>
      <datafield tag="050" ind1=" " ind2="4">
         <subfield code="a">DP302.D8</subfield>
         <subfield code="b">V55 2007</subfield>
      </datafield>
      <datafield tag="072" ind1=" " ind2="7">
         <subfield code="a">DG</subfield>
         <subfield code="2">lcco</subfield>
      </datafield>
      <datafield tag="082" ind1="1" ind2="4">
         <subfield code="a">937</subfield>
         <subfield code="2">1</subfield>
      </datafield>
      <datafield tag="245" ind1="0" ind2="0">
         <subfield code="a">Villes et territoires dans le bassin du Douro à l'époque romaine :</subfield>
         <subfield code="b">actes de la table-ronde internationale, Bordeaux, septembre 2004 /</subfield>
         <subfield code="c">textes réunis par Milagros Navarro Caballero et Juan José Palao Vicente ; avec la collaboration de Ma Angeles Magallon Botaya.</subfield>
      </datafield>
      <datafield tag="260" ind1=" " ind2=" ">
         <subfield code="a">Bordeaux :</subfield>
         <subfield code="b">Ausonius,</subfield>
         <subfield code="c">2007.</subfield>
      </datafield>
      <datafield tag="300" ind1=" " ind2=" ">
         <subfield code="a">660 pages :</subfield>
         <subfield code="b">illustrations (some color), maps ;</subfield>
         <subfield code="c">24 cm.</subfield>
      </datafield>
      <datafield tag="336" ind1=" " ind2=" ">
         <subfield code="a">text</subfield>
         <subfield code="b">txt</subfield>
         <subfield code="2">rdacontent</subfield>
      </datafield>
      <datafield tag="337" ind1=" " ind2=" ">
         <subfield code="a">unmediated</subfield>
         <subfield code="b">n</subfield>
         <subfield code="2">rdamedia</subfield>
      </datafield>
      <datafield tag="338" ind1=" " ind2=" ">
         <subfield code="a">volume</subfield>
         <subfield code="b">nc</subfield>
         <subfield code="2">rdacarrier</subfield>
      </datafield>
      <datafield tag="490" ind1="1" ind2=" ">
         <subfield code="a">Etudes,</subfield>
         <subfield code="x">1283-2200 ;</subfield>
         <subfield code="v">17</subfield>
      </datafield>
      <datafield tag="504" ind1=" " ind2=" ">
         <subfield code="a">Includes bibliographical references and index.</subfield>
      </datafield>
      <datafield tag="505" ind1="0" ind2="0">
         <subfield code="t">Etudes historiques.</subfield>
         <subfield code="t">Le Douro : ligne de frontière ou lieu de contact /</subfield>
         <subfield code="r">Roddaz, Jean-Michel --</subfield>
         <subfield code="t">Las guerras celtibéricas y la conquista roman del valle del Duero /</subfield>
         <subfield code="r">Frías, Manuel Salinas de --</subfield>
         <subfield code="t">L'armée romaine dans la vallée du Douro aux IIe et Ier siècles a.C. : gégraphie et stratégie à l'époque de la conqête /</subfield>
         <subfield code="r">Cadiou, François --</subfield>
         <subfield code="t">Los campamentos romans de Astorga y León /</subfield>
         <subfield code="r">Morillo Cerdán, Angel --</subfield>
         <subfield code="t">L'administration romaine dans la vallée de Douro /</subfield>
         <subfield code="r">Curchin, Leonard A.</subfield>
         <subfield code="t">Les villes de la vallée du Douro à l'époque romaine.</subfield>
         <subfield code="t">Arquitectura y urbanismo en las ciudades romanas del valle del Duero : los grandes conjuntos monumentales /</subfield>
         <subfield code="r">Núñez Hernàndez, Sarah Isabel --</subfield>
         <subfield code="t">Lara d los Infantes, municipium a pesar de la arqueologia /</subfield>
         <subfield code="r">Abàsolo, José Antonio --</subfield>
         <subfield code="t">Coca, la antigua Cauca /</subfield>
         <subfield code="r">Pérez Gonzàlez, Cesáreo --</subfield>
         <subfield code="r">Hernando, Olivia Reyes --</subfield>
         <subfield code="t">Albocela (Villarazán, Zamora) : interpretación de la ciudad romana a partir de la fotografía aérea y la prospección intensiva /</subfield>
         <subfield code="r">Ariño Gil, Enrique --</subfield>
         <subfield code="r">Didierjean, François --</subfield>
         <subfield code="r">Liz Guiral, Jesús --</subfield>
         <subfield code="r">Sillières, Pierre --</subfield>
         <subfield code="t">Salmantica en épocqa imperial : un estado de la cuestión /</subfield>
         <subfield code="r">Hernández Domínguez, Irene --</subfield>
         <subfield code="t">Crecimiento urbano, abastecimiento de agua y territorio en Uxama Argaela.</subfield>
      </datafield>
      <datafield tag="505" ind1="0" ind2="0">
         <subfield code="t">Etudes d'histoire économique et sociale.</subfield>
         <subfield code="t">Epigrafía y sociedad en la provincia de Salamanca durante época imperial /</subfield>
         <subfield code="r">Palao Vicente, Juan José --</subfield>
         <subfield code="t">Epigrafía romana de la provincia de Avila : actualización y síntesis /</subfield>
         <subfield code="r">Hernando Sobrino, María del Rosario --</subfield>
         <subfield code="t">Reflexiones sobre la historia social del valle del Duero : las denominaciones personales /</subfield>
         <subfield code="r">Gorrochategui, Joaquín --</subfield>
         <subfield code="r">Navarro Caballero, Milagros --</subfield>
         <subfield code="t">Vallejo Ruiz, José María --</subfield>
         <subfield code="t">Una tierre de eimgrantes /</subfield>
         <subfield code="r">Gómez-Pantoja, Joaquín --</subfield>
         <subfield code="t">Producción y comercio cerámico altoimperial en el valle del Duero : las cerámicas de paredes finas en Pisoraca (Herrera de Pisuerga, Palencia) /</subfield>
         <subfield code="r">Reinoso del Río, María Cristina --</subfield>
         <subfield code="t">Les communications routières et fluviales en Hispanie : l'exemple de l'axe Ebre-Douro /</subfield>
         <subfield code="r">Sillières, Pierre --</subfield>
         <subfield code="t">La Vía Aquitana : aportaciones de la fotografía aérea /</subfield>
         <subfield code="r">Didierjean, François --</subfield>
         <subfield code="r">Abásolo, José Antonio.</subfield>
      </datafield>
      <datafield tag="650" ind1=" " ind2="0">
         <subfield code="a">Romans</subfield>
         <subfield code="z">Duero River Valley (Spain and Portugal)</subfield>
         <subfield code="v">Congresses.</subfield>
      </datafield>
      <datafield tag="650" ind1=" " ind2="0">
         <subfield code="a">Cities and towns</subfield>
         <subfield code="z">Duero River Valley (Spain and Portugal)</subfield>
         <subfield code="v">Congresses.</subfield>
      </datafield>
      <datafield tag="651" ind1=" " ind2="0">
         <subfield code="a">Rome</subfield>
         <subfield code="x">Colonies</subfield>
         <subfield code="z">Spain</subfield>
         <subfield code="v">Congresses.</subfield>
      </datafield>
      <datafield tag="651" ind1=" " ind2="0">
         <subfield code="a">Rome</subfield>
         <subfield code="x">Colonies</subfield>
         <subfield code="z">Portugal</subfield>
         <subfield code="v">Congresses.</subfield>
      </datafield>
      <datafield tag="651" ind1=" " ind2="0">
         <subfield code="a">Duero River Valley (Spain and Portugal)</subfield>
         <subfield code="x">Antiquities</subfield>
         <subfield code="v">Congresses.</subfield>
      </datafield>
      <datafield tag="650" ind1=" " ind2="7">
         <subfield code="a">Cities and towns.</subfield>
         <subfield code="2">fast</subfield>
         <subfield code="0">(OCoLC)fst00861748</subfield>
      </datafield>
      <datafield tag="650" ind1=" " ind2="7">
         <subfield code="a">Colonies.</subfield>
         <subfield code="2">fast</subfield>
         <subfield code="0">(OCoLC)fst00868456</subfield>
      </datafield>
      <datafield tag="650" ind1=" " ind2="7">
         <subfield code="a">Romans.</subfield>
         <subfield code="2">fast</subfield>
         <subfield code="0">(OCoLC)fst01100116</subfield>
      </datafield>
      <datafield tag="651" ind1=" " ind2="7">
         <subfield code="a">Europe</subfield>
         <subfield code="z">Duero River Valley.</subfield>
         <subfield code="2">fast</subfield>
         <subfield code="0">(OCoLC)fst01311264</subfield>
      </datafield>
      <datafield tag="651" ind1=" " ind2="7">
         <subfield code="a">Rome (Empire)</subfield>
         <subfield code="2">fast</subfield>
         <subfield code="0">(OCoLC)fst01204885</subfield>
      </datafield>
      <datafield tag="653" ind1=" " ind2=" ">
         <subfield code="a">Roman history</subfield>
         <subfield code="a">Portugal</subfield>
      </datafield>
      <datafield tag="655" ind1=" " ind2="7">
         <subfield code="a">Conference proceedings.</subfield>
         <subfield code="2">fast</subfield>
         <subfield code="0">(OCoLC)fst01423772</subfield>
      </datafield>
      <datafield tag="700" ind1="1" ind2=" ">
         <subfield code="a">Navarro Caballero, Milagros</subfield>
         <subfield code="e">editor.</subfield>
      </datafield>
      <datafield tag="700" ind1="1" ind2=" ">
         <subfield code="a">Palao Vicente, Juan José</subfield>
         <subfield code="e">editor.</subfield>
      </datafield>
      <datafield tag="700" ind1="1" ind2=" ">
         <subfield code="a">Magallón Botaya, María Ángeles</subfield>
         <subfield code="e">editor.</subfield>
      </datafield>
      <datafield tag="776" ind1="0" ind2="8">
         <subfield code="i">Online version:</subfield>
         <subfield code="t">Villes et territoires dans le bassin du Douro à l'époque romaine.</subfield>
         <subfield code="d">Bordeaux : Ausonius, 2007</subfield>
         <subfield code="w">(OCoLC)608558912</subfield>
      </datafield>
      <datafield tag="830" ind1=" " ind2="0">
         <subfield code="a">Etudes (Ausonius (Institute)) ;</subfield>
         <subfield code="v">17.</subfield>
      </datafield>
      <datafield tag="994" ind1=" " ind2=" ">
         <subfield code="a">Z0</subfield>
         <subfield code="b">ZYU</subfield>
      </datafield>
      <datafield tag="OWN" ind1=" " ind2=" ">
         <subfield code="a">GENERAL</subfield>
      </datafield>
      <datafield tag="AVA" ind1=" " ind2=" ">
         <subfield code="a">NYU50</subfield>
         <subfield code="b">NISAW</subfield>
         <subfield code="c">Small Collection</subfield>
         <subfield code="d">DP302.D8 V55 2007</subfield>
         <subfield code="e">available</subfield>
         <subfield code="t">Available</subfield>
         <subfield code="f">1</subfield>
         <subfield code="g">0</subfield>
         <subfield code="h">N</subfield>
         <subfield code="i">0</subfield>
         <subfield code="j">SMALL</subfield>
         <subfield code="k">0</subfield>
      </datafield>
      <marc:datafield tag="852" ind1=" " ind2=" ">
         <marc:subfield code="b">Institute for the Study of the Ancient World, </marc:subfield>
         <marc:subfield code="c">Small Collection</marc:subfield>
         <marc:subfield code="e">15 East 84th St., </marc:subfield>
         <marc:subfield code="e">New York, NY  10028</marc:subfield>
      </marc:datafield>
   </record>