
  
  
  
  
  
  
 
  
  <record xsi:schemaLocation="http://www.loc.gov/MARC21/slim http://www.loc.gov/standards/marcxml/schema/MARC21slim.xsd">
      <leader>00000cam  2200589 i 4500</leader>
      <controlfield tag="FMT">BK</controlfield>
      <controlfield tag="LDR">00000cam  2200589 i 4500</controlfield>
      <controlfield tag="001">004054928</controlfield>
      <controlfield tag="003">OCoLC</controlfield>
      <controlfield tag="005">20141104123328.0</controlfield>
      <controlfield tag="008">141031s2014    be abe   b    100 0 eng d</controlfield>
      <datafield tag="020" ind1=" " ind2=" ">
         <subfield code="a">9789042929739 (cl.)</subfield>
      </datafield>
      <datafield tag="020" ind1=" " ind2=" ">
         <subfield code="a">9042929731 (cl.)</subfield>
      </datafield>
      <datafield tag="035" ind1=" " ind2=" ">
         <subfield code="a">(OCoLC)883617666</subfield>
      </datafield>
      <datafield tag="040" ind1=" " ind2=" ">
         <subfield code="a">OHX</subfield>
         <subfield code="b">eng</subfield>
         <subfield code="c">OHX</subfield>
         <subfield code="d">OCLCO</subfield>
         <subfield code="d">ERASA</subfield>
         <subfield code="d">YYP</subfield>
         <subfield code="d">BTCTA</subfield>
         <subfield code="d">CHVBK</subfield>
         <subfield code="d">YDXCP</subfield>
         <subfield code="d">GUA</subfield>
         <subfield code="d">NNU</subfield>
         <subfield code="d">NNU</subfield>
      </datafield>
      <datafield tag="043" ind1=" " ind2=" ">
         <subfield code="a">a-is---</subfield>
         <subfield code="a">aw-----</subfield>
      </datafield>
      <datafield tag="050" ind1=" " ind2="4">
         <subfield code="a">PJ3001</subfield>
         <subfield code="b">.A21 v.45</subfield>
      </datafield>
      <datafield tag="050" ind1=" " ind2="4">
         <subfield code="a">DS110.N4</subfield>
         <subfield code="b">U54 2014</subfield>
      </datafield>
      <datafield tag="072" ind1=" " ind2="7">
         <subfield code="a">DS</subfield>
         <subfield code="2">lcco</subfield>
      </datafield>
      <datafield tag="082" ind1="0" ind2="4">
         <subfield code="a">933.01</subfield>
         <subfield code="2">23</subfield>
      </datafield>
      <datafield tag="245" ind1="0" ind2="0">
         <subfield code="a">Unearthing the wilderness :</subfield>
         <subfield code="b">studies on the history and archaeology of the Negev and Edom in the Iron Age /</subfield>
         <subfield code="c">edited by Juan Manuel Tebes.</subfield>
      </datafield>
      <datafield tag="260" ind1=" " ind2=" ">
         <subfield code="a">Leuven :</subfield>
         <subfield code="b">Peeters,</subfield>
         <subfield code="c">2014.</subfield>
      </datafield>
      <datafield tag="300" ind1=" " ind2=" ">
         <subfield code="a">x, 306 pages :</subfield>
         <subfield code="b">illustrations (some colored), maps, plans ;</subfield>
         <subfield code="c">31 cm.</subfield>
      </datafield>
      <datafield tag="336" ind1=" " ind2=" ">
         <subfield code="a">text</subfield>
         <subfield code="b">txt</subfield>
         <subfield code="2">rdacontent</subfield>
      </datafield>
      <datafield tag="337" ind1=" " ind2=" ">
         <subfield code="a">unmediated</subfield>
         <subfield code="b">n</subfield>
         <subfield code="2">rdamedia</subfield>
      </datafield>
      <datafield tag="338" ind1=" " ind2=" ">
         <subfield code="a">volume</subfield>
         <subfield code="b">nc</subfield>
         <subfield code="2">rdacarrier</subfield>
      </datafield>
      <datafield tag="490" ind1="1" ind2=" ">
         <subfield code="a">Ancient Near Eastern studies. Supplement ;</subfield>
         <subfield code="v">45</subfield>
      </datafield>
      <datafield tag="504" ind1=" " ind2=" ">
         <subfield code="a">Includes bibliographical references.</subfield>
      </datafield>
      <datafield tag="505" ind1="0" ind2="0">
         <subfield code="t">Wilderness and beyond.</subfield>
         <subfield code="t">Socio-economic fluctuations and chiefdom formation in Edom, the Negev and the Hejaz during the first millennium BCE /</subfield>
         <subfield code="r">Tebes, Juan Manuel --</subfield>
         <subfield code="t">From bandit to king : David's time in the Negev and the transformation of a tribal entity into a nation state /</subfield>
         <subfield code="r">Holladay, John S., Jr. --</subfield>
         <subfield code="r">Klassen, Stanley.</subfield>
         <subfield code="t">Timna reconsidered.</subfield>
         <subfield code="t">Timna Site 2 Revisited /</subfield>
         <subfield code="r">Erickson-Gini, Tali --</subfield>
         <subfield code="g">Appendix:</subfield>
         <subfield code="t">XRF study of archaeological and metallurgical material from copper smelting sites in Timna /</subfield>
         <subfield code="r">Shilstein, Sana --</subfield>
         <subfield code="r">Shalev, Sariel --</subfield>
         <subfield code="r">Yekutieli, Yuval --</subfield>
         <subfield code="t">Egyptian Timna – Reconsidered /</subfield>
         <subfield code="r">Avner, Uzi.</subfield>
         <subfield code="t">Studies arising.</subfield>
         <subfield code="t">The symbolic and social world of the Qurayyah pottery iconography /</subfield>
         <subfield code="r">Tebes, Juan Manuel --</subfield>
         <subfield code="t">Arabian and Arabizing epigraphic finds from the Iron Age Southern Levant /</subfield>
         <subfield code="r">Der Veen, Pieter Gert van --</subfield>
         <subfield code="r">Bron, François.</subfield>
         <subfield code="t">Edom over the border.</subfield>
         <subfield code="t">The Judean desert frontier in the seventh century BCE : a view from 'Aroer /</subfield>
         <subfield code="r">Thareani, Yifat --</subfield>
         <subfield code="t">Edomite pottery in Judah in the eighth century BCE /</subfield>
         <subfield code="r">Singer-Avitz, Lily --</subfield>
         <subfield code="t">Local production of Edomite cooking pots in the Beersheba Valley : Petrographic analyses from Tel Malhata, Horvat 'Uza and Horvat Qitmit /</subfield>
         <subfield code="r">Freud, Liora.</subfield>
      </datafield>
      <datafield tag="520" ind1=" " ind2=" ">
         <subfield code="a">"This volume comprises all but one of the papers presented at the workshop Unearthing the Wilderness : Workshop on the History and Archaeology of the Negev and Edom in the Iron Age, held at the W. F. Albright Institute of Archaeological Research, Jerusalem, on 12 December 2010. It is supplemented with studies from scholars who were unable to attend the conference but were eager to contribute to this book." -- Preface.</subfield>
      </datafield>
      <datafield tag="650" ind1=" " ind2="0">
         <subfield code="a">Iron age</subfield>
         <subfield code="z">Israel</subfield>
         <subfield code="z">Negev</subfield>
         <subfield code="v">Congresses.</subfield>
      </datafield>
      <datafield tag="651" ind1=" " ind2="0">
         <subfield code="a">Negev (Israel)</subfield>
         <subfield code="x">Antiquities</subfield>
         <subfield code="v">Congresses.</subfield>
      </datafield>
      <datafield tag="650" ind1=" " ind2="0">
         <subfield code="a">Iron age</subfield>
         <subfield code="z">Edom (Kingdom)</subfield>
         <subfield code="v">Congresses.</subfield>
      </datafield>
      <datafield tag="651" ind1=" " ind2="0">
         <subfield code="a">Edom (Kingdom)</subfield>
         <subfield code="x">Antiquities</subfield>
         <subfield code="v">Congresses.</subfield>
      </datafield>
      <datafield tag="650" ind1=" " ind2="0">
         <subfield code="a">Material culture</subfield>
         <subfield code="z">Israel</subfield>
         <subfield code="z">Negev</subfield>
         <subfield code="v">Congresses.</subfield>
      </datafield>
      <datafield tag="650" ind1=" " ind2="0">
         <subfield code="a">Material culture</subfield>
         <subfield code="z">Edom (Kingdom)</subfield>
         <subfield code="v">Congresses.</subfield>
      </datafield>
      <datafield tag="650" ind1=" " ind2="0">
         <subfield code="a">Excavations (Archaeology)</subfield>
         <subfield code="z">Middle East</subfield>
         <subfield code="v">Congresses.</subfield>
      </datafield>
      <datafield tag="700" ind1="1" ind2=" ">
         <subfield code="a">Tebes, Juan Manuel</subfield>
         <subfield code="e">editor.</subfield>
      </datafield>
      <datafield tag="830" ind1=" " ind2="0">
         <subfield code="a">Ancient Near Eastern studies.</subfield>
         <subfield code="p">Supplement ;</subfield>
         <subfield code="v">45.</subfield>
      </datafield>
      <datafield tag="994" ind1=" " ind2=" ">
         <subfield code="a">Z0</subfield>
         <subfield code="b">ZYU</subfield>
      </datafield>
      <datafield tag="LKR" ind1=" " ind2=" ">
         <subfield code="a">ITM</subfield>
         <subfield code="b">002988363</subfield>
         <subfield code="l">NYU50</subfield>
         <subfield code="v">45</subfield>
      </datafield>
      <datafield tag="OWN" ind1=" " ind2=" ">
         <subfield code="a">GENERAL</subfield>
      </datafield>
      <datafield tag="AVA" ind1=" " ind2=" ">
         <subfield code="a">NYU50</subfield>
         <subfield code="b">NISAW</subfield>
         <subfield code="c">Large Collection</subfield>
         <subfield code="d">DS110.N4 U54 2014</subfield>
         <subfield code="e">available</subfield>
         <subfield code="t">Available</subfield>
         <subfield code="f">1</subfield>
         <subfield code="g">0</subfield>
         <subfield code="h">N</subfield>
         <subfield code="i">0</subfield>
         <subfield code="j">LARGE</subfield>
         <subfield code="k">0</subfield>
      </datafield>
      <marc:datafield tag="852" ind1=" " ind2=" ">
         <marc:subfield code="b">Institute for the Study of the Ancient World, </marc:subfield>
         <marc:subfield code="c">Large Collection</marc:subfield>
         <marc:subfield code="e">15 East 84th St., </marc:subfield>
         <marc:subfield code="e">New York, NY  10028</marc:subfield>
      </marc:datafield>
      <datafield tag="AVA" ind1=" " ind2=" ">
         <subfield code="a">NYU50</subfield>
         <subfield code="b">BOBST</subfield>
         <subfield code="c">Main Collection</subfield>
         <subfield code="d">PJ3001 .A21 Oversize</subfield>
         <subfield code="e">available</subfield>
         <subfield code="t">Available</subfield>
         <subfield code="f">1</subfield>
         <subfield code="g">0</subfield>
         <subfield code="h">Y</subfield>
         <subfield code="i">0</subfield>
         <subfield code="j">MAIN</subfield>
         <subfield code="k">0</subfield>
      </datafield>
   </record>