
  
  
  
  
  
  
 
  
  <record xsi:schemaLocation="http://www.loc.gov/MARC21/slim http://www.loc.gov/standards/marcxml/schema/MARC21slim.xsd">
      <leader>00000cam  2200565 a 4500</leader>
      <controlfield tag="FMT">BK</controlfield>
      <controlfield tag="LDR">00000cam  2200565 a 4500</controlfield>
      <controlfield tag="001">004054934</controlfield>
      <controlfield tag="003">OCoLC</controlfield>
      <controlfield tag="005">20141031134924.0</controlfield>
      <controlfield tag="008">141031s2005    ru abe   b    000 0 ruso</controlfield>
      <datafield tag="010" ind1=" " ind2=" ">
         <subfield code="a">2007359892</subfield>
      </datafield>
      <datafield tag="020" ind1=" " ind2=" ">
         <subfield code="a">578030145X</subfield>
      </datafield>
      <datafield tag="020" ind1=" " ind2=" ">
         <subfield code="a">9785780301455</subfield>
      </datafield>
      <datafield tag="035" ind1=" " ind2=" ">
         <subfield code="a">(OCoLC)78990140</subfield>
      </datafield>
      <datafield tag="040" ind1=" " ind2=" ">
         <subfield code="a">DLC</subfield>
         <subfield code="b">eng</subfield>
         <subfield code="c">DLC</subfield>
         <subfield code="d">EVIEW</subfield>
         <subfield code="d">OCLCQ</subfield>
         <subfield code="d">UAF</subfield>
         <subfield code="d">WAU</subfield>
         <subfield code="d">NNU</subfield>
      </datafield>
      <datafield tag="041" ind1="0" ind2=" ">
         <subfield code="a">rus</subfield>
         <subfield code="b">eng</subfield>
         <subfield code="f">eng</subfield>
      </datafield>
      <datafield tag="043" ind1=" " ind2=" ">
         <subfield code="a">e-urw--</subfield>
      </datafield>
      <datafield tag="050" ind1="0" ind2="0">
         <subfield code="a">DK771.A25</subfield>
         <subfield code="b">K826 2005</subfield>
      </datafield>
      <datafield tag="066" ind1=" " ind2=" ">
         <subfield code="c">(N</subfield>
      </datafield>
      <datafield tag="100" ind1="1" ind2=" ">
         <subfield code="a">Kubarev, G. V.</subfield>
         <subfield code="q">(Gleb Vladimirovich)</subfield>
         <subfield code="6">880-01</subfield>
      </datafield>
      <datafield tag="245" ind1="1" ind2="0">
         <subfield code="6">880-02</subfield>
         <subfield code="a">Kulʹtura drevnikh ti͡urok Altai͡a :</subfield>
         <subfield code="b">po materialam pogrebalʹnykh pami͡atnikov /</subfield>
         <subfield code="c">G. V. Kubarev ; otvetstvennyĭ redaktor E.I. Derevi͡anko.</subfield>
      </datafield>
      <datafield tag="246" ind1="1" ind2="5">
         <subfield code="a">Culture of the ancient Turks of the Altai (on the basis of burials)</subfield>
      </datafield>
      <datafield tag="260" ind1=" " ind2=" ">
         <subfield code="6">880-03</subfield>
         <subfield code="a">Novosibirsk :</subfield>
         <subfield code="b">In-t arkheologii i ėtnografii SO RAN,</subfield>
         <subfield code="c">2005.</subfield>
      </datafield>
      <datafield tag="300" ind1=" " ind2=" ">
         <subfield code="a">399 p. :</subfield>
         <subfield code="b">ill. (some col.), maps ;</subfield>
         <subfield code="c">29 cm.</subfield>
      </datafield>
      <datafield tag="500" ind1=" " ind2=" ">
         <subfield code="6">880-04</subfield>
         <subfield code="a">At head of added title page: Russian Academy of Sciences, Siberian Division, Institute of Archaeology and Ethnography.</subfield>
      </datafield>
      <datafield tag="504" ind1=" " ind2=" ">
         <subfield code="a">Includes bibliographical references (p. 150-166).</subfield>
      </datafield>
      <datafield tag="505" ind1="1" ind2="0">
         <subfield code="g">Preface --</subfield>
         <subfield code="g">1.</subfield>
         <subfield code="t">The spatial distribution of Kurgans and burial rituals --</subfield>
         <subfield code="g">2.</subfield>
         <subfield code="t">The costume of the ancient Turks --</subfield>
         <subfield code="g">3.</subfield>
         <subfield code="t">Household implements --</subfield>
         <subfield code="g">4.</subfield>
         <subfield code="t">Armor and the arts of war --</subfield>
         <subfield code="g">5.</subfield>
         <subfield code="t">Horse trappings --</subfield>
         <subfield code="g">6.</subfield>
         <subfield code="t">The dating of Turkic burials and the ethnopolitical situation in the territory of Altai --</subfield>
         <subfield code="g">Appendix 1.</subfield>
         <subfield code="t">Description of burials --</subfield>
         <subfield code="g">Appendix 2.</subfield>
         <subfield code="t">Preliminary results of the mineralogical analyses of bronze and silver artifacts --</subfield>
         <subfield code="g">Appendix 3.</subfield>
         <subfield code="t">Technological description of textiles from the Altai Turkic burials.</subfield>
      </datafield>
      <datafield tag="546" ind1=" " ind2=" ">
         <subfield code="a">Summaries and table of contents in English.</subfield>
      </datafield>
      <datafield tag="650" ind1=" " ind2="0">
         <subfield code="a">Turkic peoples</subfield>
         <subfield code="x">Material culture</subfield>
         <subfield code="z">Altai Mountains.</subfield>
      </datafield>
      <datafield tag="651" ind1=" " ind2="0">
         <subfield code="a">Altai Mountains</subfield>
         <subfield code="x">Antiquities.</subfield>
      </datafield>
      <datafield tag="650" ind1=" " ind2="0">
         <subfield code="a">Excavations (Archaeology)</subfield>
         <subfield code="z">Altai Mountains.</subfield>
      </datafield>
      <datafield tag="650" ind1=" " ind2="0">
         <subfield code="a">Turkic peoples</subfield>
         <subfield code="x">Funeral customs and rites</subfield>
         <subfield code="z">Altai Mountains.</subfield>
      </datafield>
      <datafield tag="650" ind1=" " ind2="0">
         <subfield code="a">Burial</subfield>
         <subfield code="z">Altai Mountains.</subfield>
      </datafield>
      <datafield tag="650" ind1=" " ind2="0">
         <subfield code="a">Funeral rites and ceremonies</subfield>
         <subfield code="z">Altai Mountains.</subfield>
      </datafield>
      <datafield tag="650" ind1=" " ind2="0">
         <subfield code="a">Auxiliary sciences of history.</subfield>
      </datafield>
      <datafield tag="650" ind1=" " ind2="0">
         <subfield code="a">Archaeology.</subfield>
      </datafield>
      <datafield tag="700" ind1="1" ind2=" ">
         <subfield code="a">Derevi͡anko, E. I.</subfield>
         <subfield code="q">(Evgenii͡a Ivanovna)</subfield>
         <subfield code="6">880-05</subfield>
      </datafield>
      <datafield tag="880" ind1="1" ind2=" ">
         <subfield code="6">100-01/</subfield>
         <subfield code="a">Кубарев, Г. В.</subfield>
      </datafield>
      <datafield tag="880" ind1="1" ind2="0">
         <subfield code="6">245-02/</subfield>
         <subfield code="a">Культура древних тюрок Алтая :</subfield>
         <subfield code="b">(по материалам погребальных памятников) /</subfield>
         <subfield code="c">Г. В. Кубарев ; ответственный редактор Е. И. Деревянко.</subfield>
      </datafield>
      <datafield tag="880" ind1=" " ind2=" ">
         <subfield code="6">260-03/</subfield>
         <subfield code="a">Новосибирск :</subfield>
         <subfield code="b">Институт археологии и этнографии СО РАН,</subfield>
         <subfield code="c">2005.</subfield>
      </datafield>
      <datafield tag="880" ind1=" " ind2=" ">
         <subfield code="6">500-04/</subfield>
         <subfield code="a">At head of title: Российская академия наук, сибирское отделение, институт археологии и этнографии.</subfield>
      </datafield>
      <datafield tag="880" ind1="1" ind2=" ">
         <subfield code="6">505-00/</subfield>
         <subfield code="a">Введение -- 1. Планиграфия курганов и погребальный обряд -- 2. Костюм древних Тюрок -- 3. Бытовые предметы -- 4. Вооружение и военное дело -- 5. Снаряжение верхового коня -- 6. Датировка погребений. Этнополитческая ситуация на территории алтая в древнетюркскую эпоху -- Заключение Список литературы -- Summary -- Таблицы -- Приложение 1. Описание курганов -- Приложение 2. Предварительные результаты анализа элементного состава бронзовых и серебряных изделий -- Приложение 3. Технологические характеристики текстиля из древнетюркских погребений алтая -- Список сокращений.</subfield>
      </datafield>
      <datafield tag="880" ind1="1" ind2=" ">
         <subfield code="6">700-05/</subfield>
         <subfield code="a">Деревянко, Е. И.</subfield>
         <subfield code="q">(Евгения Ивановна)</subfield>
      </datafield>
      <datafield tag="994" ind1=" " ind2=" ">
         <subfield code="a">Z0</subfield>
         <subfield code="b">ZYU</subfield>
      </datafield>
      <datafield tag="OWN" ind1=" " ind2=" ">
         <subfield code="a">GENERAL</subfield>
      </datafield>
      <datafield tag="AVA" ind1=" " ind2=" ">
         <subfield code="a">NYU50</subfield>
         <subfield code="b">NISAW</subfield>
         <subfield code="c">Large Collection</subfield>
         <subfield code="d">DK771.A25 K826 2005</subfield>
         <subfield code="e">available</subfield>
         <subfield code="t">Available</subfield>
         <subfield code="f">1</subfield>
         <subfield code="g">0</subfield>
         <subfield code="h">N</subfield>
         <subfield code="i">0</subfield>
         <subfield code="j">LARGE</subfield>
         <subfield code="k">0</subfield>
      </datafield>
      <marc:datafield tag="852" ind1=" " ind2=" ">
         <marc:subfield code="b">Institute for the Study of the Ancient World, </marc:subfield>
         <marc:subfield code="c">Large Collection</marc:subfield>
         <marc:subfield code="e">15 East 84th St., </marc:subfield>
         <marc:subfield code="e">New York, NY  10028</marc:subfield>
      </marc:datafield>
   </record>